<?xml version="1.0" encoding="UTF-8"?>
<!DOCTYPE html PUBLIC "-//W3C//DTD XHTML 1.0 Transitional//EN"
    "http://www.w3.org/TR/xhtml1/DTD/xhtml1-transitional.dtd">
<html xmlns="http://www.w3.org/1999/xhtml" xml:lang="en" lang="en">
 <head>
  <title>
</title>
<meta http-equiv="Content-Type" content="text/html;charset=utf-8" />
  <meta name='ocr-system' content='tesseract 3.04.00' />
  <meta name='ocr-capabilities' content='ocr_page ocr_carea ocr_par ocr_line ocrx_word'/>
</head>
<body>
  <div class='ocr_page' id='page_1' title='image "./4627566_0010.png"; bbox 0 0 3005 4009; ppageno 0'>
   <div class='ocr_carea' id='block_1_1' title="bbox 1378 282 1655 346">
    <p class='ocr_par' dir='ltr' id='par_1_1' title="bbox 1378 282 1655 346">
     <span class='ocr_line' id='line_1_1' title="bbox 1378 282 1655 346; baseline 0.018 -28"><span class='ocrx_word' id='word_1_1' title='bbox 1378 282 1655 346; x_wconf 75' lang='lat'>-.¹4-</span> 
     </span>
    </p>
   </div>
   <div class='ocr_carea' id='block_1_2' title="bbox 302 432 2725 785">
    <p class='ocr_par' dir='ltr' id='par_1_2' title="bbox 302 432 2725 547">
     <span class='ocr_line' id='line_1_2' title="bbox 302 432 2725 491; baseline 0.002 -19"><span class='ocrx_word' id='word_1_2' title='bbox 302 434 489 485; x_wconf 91' lang='lat' dir='ltr'>primum</span> <span class='ocrx_word' id='word_1_3' title='bbox 524 434 686 473; x_wconf 86' lang='lat' dir='ltr'>subfuit</span> <span class='ocrx_word' id='word_1_4' title='bbox 719 434 879 474; x_wconf 82' lang='lat' dir='ltr'>formae</span> <span class='ocrx_word' id='word_1_5' title='bbox 903 432 947 486; x_wconf 78' lang='grc' dir='ltr'><em>β,</em></span> <span class='ocrx_word' id='word_1_6' title='bbox 980 434 1259 486; x_wconf 85' lang='lat' dir='ltr'><strong>inquiramus.</strong></span> <span class='ocrx_word' id='word_1_7' title='bbox 1293 457 1348 463; x_wconf 89' lang='lat'>—</span> <span class='ocrx_word' id='word_1_8' title='bbox 1382 436 1523 487; x_wconf 89' lang='lat' dir='ltr'>potius</span> <span class='ocrx_word' id='word_1_9' title='bbox 1555 436 1695 475; x_wconf 90' lang='lat' dir='ltr'>statim</span> <span class='ocrx_word' id='word_1_10' title='bbox 1730 437 1813 476; x_wconf 93' lang='lat' dir='ltr'><em>iam</em></span> <span class='ocrx_word' id='word_1_11' title='bbox 1847 448 2025 489; x_wconf 83' lang='lat' dir='ltr'>pergam</span> <span class='ocrx_word' id='word_1_12' title='bbox 2062 442 2102 477; x_wconf 89' lang='lat' dir='ltr'><em>et</em></span> <span class='ocrx_word' id='word_1_13' title='bbox 2134 437 2361 490; x_wconf 77' lang='lat' dir='ltr'><strong>procedam</strong></span> <span class='ocrx_word' id='word_1_14' title='bbox 2398 437 2454 478; x_wconf 92' lang='lat' dir='ltr'><em>ad</em></span> <span class='ocrx_word' id='word_1_15' title='bbox 2491 438 2655 491; x_wconf 87' lang='lat' dir='ltr'>reliqua</span> <span class='ocrx_word' id='word_1_16' title='bbox 2685 445 2725 479; x_wconf 91' lang='lat' dir='ltr'><em>et</em></span> 
     </span>
     <span class='ocr_line' id='line_1_3' title="bbox 302 493 2305 547; baseline 0.002 -16"><span class='ocrx_word' id='word_1_17' title='bbox 302 493 454 541; x_wconf 81' lang='lat' dir='ltr'>dicam,</span> <span class='ocrx_word' id='word_1_18' title='bbox 489 493 591 546; x_wconf 92' lang='lat' dir='ltr'>quid</span> <span class='ocrx_word' id='word_1_19' title='bbox 625 493 737 532; x_wconf 91' lang='lat' dir='ltr'>ultra</span> <span class='ocrx_word' id='word_1_20' title='bbox 769 494 962 540; x_wconf 76' lang='lat' dir='ltr'>sentiam,</span> <span class='ocrx_word' id='word_1_21' title='bbox 996 500 1144 545; x_wconf 87' lang='lat' dir='ltr'>postea</span> <span class='ocrx_word' id='word_1_22' title='bbox 1175 499 1317 533; x_wconf 90' lang='lat' dir='ltr'>autem</span> <span class='ocrx_word' id='word_1_23' title='bbox 1349 494 1477 542; x_wconf 84' lang='lat' dir='ltr'>locos,</span> <span class='ocrx_word' id='word_1_24' title='bbox 1509 495 1667 547; x_wconf 91' lang='lat' dir='ltr'>quibus</span> <span class='ocrx_word' id='word_1_25' title='bbox 1700 502 1796 535; x_wconf 87' lang='lat' dir='ltr'>utar</span> <span class='ocrx_word' id='word_1_26' title='bbox 1828 497 2079 545; x_wconf 83' lang='lat' dir='ltr'>testimonio,</span> <span class='ocrx_word' id='word_1_27' title='bbox 2109 496 2305 537; x_wconf 78' lang='lat' dir='ltr'>laudabo.</span> 
     </span>
    </p>

    <p class='ocr_par' dir='ltr' id='par_1_3' title="bbox 303 553 2723 785">
     <span class='ocr_line' id='line_1_4' title="bbox 521 553 1643 606; baseline 0.002 -15"><span class='ocrx_word' id='word_1_28' title='bbox 521 553 629 591; x_wconf 90' lang='lat' dir='ltr'>hanc</span> <span class='ocrx_word' id='word_1_29' title='bbox 662 558 764 604; x_wconf 93' lang='lat' dir='ltr'>puto</span> <span class='ocrx_word' id='word_1_30' title='bbox 797 553 1001 592; x_wconf 85' lang='lat' dir='ltr'>rationem</span> <span class='ocrx_word' id='word_1_31' title='bbox 1035 553 1294 592; x_wconf 82' lang='lat' dir='ltr'>intercedere</span> <span class='ocrx_word' id='word_1_32' title='bbox 1325 555 1434 592; x_wconf 91' lang='lat' dir='ltr'>inter</span> <span class='ocrx_word' id='word_1_33' title='bbox 1464 567 1491 592; x_wconf 89' lang='grc' dir='ltr'><em>α</em></span> <span class='ocrx_word' id='word_1_34' title='bbox 1524 561 1564 593; x_wconf 90' lang='lat' dir='ltr'><em>et</em></span> <span class='ocrx_word' id='word_1_35' title='bbox 1595 567 1643 606; x_wconf 85' lang='lat' dir='ltr'><em>y:</em></span> 
     </span>
     <span class='ocr_line' id='line_1_5' title="bbox 303 611 2723 664; baseline 0.003 -15"><span class='ocrx_word' id='word_1_36' title='bbox 303 624 443 663; x_wconf 88' lang='lat' dir='ltr'>neque</span> <span class='ocrx_word' id='word_1_37' title='bbox 475 611 582 650; x_wconf 90' lang='lat' dir='ltr'>liber</span> <span class='ocrx_word' id='word_1_38' title='bbox 613 626 642 663; x_wconf 86' lang='lat' dir='ltr'><strong>y</strong></span> <span class='ocrx_word' id='word_1_39' title='bbox 677 624 814 663; x_wconf 89' lang='lat' dir='ltr'>neque</span> <span class='ocrx_word' id='word_1_40' title='bbox 846 611 1088 663; x_wconf 82' lang='lat' dir='ltr'>exemplum</span> <span class='ocrx_word' id='word_1_41' title='bbox 1121 626 1148 651; x_wconf 89' lang='grc' dir='ltr'><em>α</em></span> <span class='ocrx_word' id='word_1_42' title='bbox 1180 612 1427 664; x_wconf 88' lang='lat' dir='ltr'>principalis</span> <span class='ocrx_word' id='word_1_43' title='bbox 1459 617 1499 652; x_wconf 92' lang='lat' dir='ltr'><em>et</em></span> <span class='ocrx_word' id='word_1_44' title='bbox 1533 625 1637 652; x_wconf 90' lang='lat' dir='ltr'>vera</span> <span class='ocrx_word' id='word_1_45' title='bbox 1669 614 1906 653; x_wconf 89' lang='lat' dir='ltr'>Aristotelis</span> <span class='ocrx_word' id='word_1_46' title='bbox 1938 614 2073 654; x_wconf 84' lang='lat' dir='ltr'>forma</span> <span class='ocrx_word' id='word_1_47' title='bbox 2103 614 2237 654; x_wconf 82' lang='lat' dir='ltr'>fuisse</span> <span class='ocrx_word' id='word_1_48' title='bbox 2270 614 2471 655; x_wconf 88' lang='lat' dir='ltr'>videntur</span> <span class='ocrx_word' id='word_1_49' title='bbox 2502 616 2615 664; x_wconf 85' lang='lat' dir='ltr'>mihi,</span> <span class='ocrx_word' id='word_1_50' title='bbox 2647 615 2723 655; x_wconf 90' lang='lat' dir='ltr'><em>sed</em></span> 
     </span>
     <span class='ocr_line' id='line_1_6' title="bbox 305 670 2721 728; baseline 0.002 -17"><span class='ocrx_word' id='word_1_51' title='bbox 305 676 486 723; x_wconf 88' lang='lat' dir='ltr'>uterque</span> <span class='ocrx_word' id='word_1_52' title='bbox 518 670 636 720; x_wconf 83' lang='lat' dir='ltr'>liber,</span> <span class='ocrx_word' id='word_1_53' title='bbox 668 676 708 712; x_wconf 86' lang='lat' dir='ltr'><em>et</em></span> <span class='ocrx_word' id='word_1_54' title='bbox 740 686 766 711; x_wconf 85' lang='grc' dir='ltr'><em>α</em></span> <span class='ocrx_word' id='word_1_55' title='bbox 798 676 837 711; x_wconf 88' lang='lat' dir='ltr'><em>et</em></span> <span class='ocrx_word' id='word_1_56' title='bbox 868 685 911 723; x_wconf 88' lang='lat' dir='ltr'><em>y,</em></span> <span class='ocrx_word' id='word_1_57' title='bbox 943 671 1122 711; x_wconf 87' lang='lat' dir='ltr'>fluxisse</span> <span class='ocrx_word' id='word_1_58' title='bbox 1153 683 1207 712; x_wconf 87' lang='lat' dir='ltr'>ex</span> <span class='ocrx_word' id='word_1_59' title='bbox 1241 683 1327 713; x_wconf 92' lang='lat' dir='ltr'>uno</span> <span class='ocrx_word' id='word_1_60' title='bbox 1359 676 1488 725; x_wconf 85' lang='lat' dir='ltr'>atque</span> <span class='ocrx_word' id='word_1_61' title='bbox 1519 672 1666 713; x_wconf 89' lang='lat' dir='ltr'>eodem</span> <span class='ocrx_word' id='word_1_62' title='bbox 1698 672 1811 714; x_wconf 89' lang='lat' dir='ltr'>fonte</span> <span class='ocrx_word' id='word_1_63' title='bbox 1844 672 2041 727; x_wconf 86' lang='lat' dir='ltr'>(dicimus</span> <span class='ocrx_word' id='word_1_64' title='bbox 2073 674 2133 724; x_wconf 84' lang='lat' dir='ltr'><em>x),</em></span> <span class='ocrx_word' id='word_1_65' title='bbox 2165 674 2238 728; x_wconf 93' lang='lat' dir='ltr'><em>qui</em></span> <span class='ocrx_word' id='word_1_66' title='bbox 2261 674 2400 728; x_wconf 89' lang='lat' dir='ltr'>qualis</span> <span class='ocrx_word' id='word_1_67' title='bbox 2421 675 2557 725; x_wconf 85' lang='lat' dir='ltr'>suerit,</span> <span class='ocrx_word' id='word_1_68' title='bbox 2580 681 2721 716; x_wconf 92' lang='lat' dir='ltr'>utrum</span> 
     </span>
     <span class='ocr_line' id='line_1_7' title="bbox 304 729 2722 785; baseline 0.002 -16"><span class='ocrx_word' id='word_1_69' title='bbox 304 730 548 783; x_wconf 84' lang='lat' dir='ltr'>philosophi</span> <span class='ocrx_word' id='word_1_70' title='bbox 580 730 687 770; x_wconf 90' lang='lat' dir='ltr'>liber</span> <span class='ocrx_word' id='word_1_71' title='bbox 718 730 847 782; x_wconf 80' lang='lat' dir='ltr'>aliqui</span> <span class='ocrx_word' id='word_1_72' title='bbox 879 741 934 769; x_wconf 90' lang='lat' dir='ltr'><em>an</em></span> <span class='ocrx_word' id='word_1_73' title='bbox 964 729 1091 778; x_wconf 82' lang='lat' dir='ltr'>aliud,</span> <span class='ocrx_word' id='word_1_74' title='bbox 1114 736 1263 783; x_wconf 90' lang='lat' dir='ltr'>postea</span> <span class='ocrx_word' id='word_1_75' title='bbox 1285 731 1589 784; x_wconf 91' lang='lat' dir='ltr'>inquirendum</span> <span class='ocrx_word' id='word_1_76' title='bbox 1611 733 1698 771; x_wconf 89' lang='lat' dir='ltr'>erit.</span> <span class='ocrx_word' id='word_1_77' title='bbox 1748 732 1805 772; x_wconf 88' lang='lat' dir='ltr'><em>ad</em></span> <span class='ocrx_word' id='word_1_78' title='bbox 1832 733 2128 785; x_wconf 84' lang='lat' dir='ltr'>explicandam</span> <span class='ocrx_word' id='word_1_79' title='bbox 2152 745 2239 773; x_wconf 91' lang='lat' dir='ltr'>rem</span> <span class='ocrx_word' id='word_1_80' title='bbox 2270 734 2351 773; x_wconf 91' lang='lat' dir='ltr'><em>hoc</em></span> <span class='ocrx_word' id='word_1_81' title='bbox 2371 734 2586 773; x_wconf 88' lang='lat' dir='ltr'>schemate</span> <span class='ocrx_word' id='word_1_82' title='bbox 2608 740 2722 773; x_wconf 88' lang='lat' dir='ltr'>utar:</span> 
     </span>
    </p>
   </div>
   <div class='ocr_carea' id='block_1_3' title="bbox 1202 970 1798 1174">
    <p class='ocr_par' dir='ltr' id='par_1_4' title="bbox 1202 970 1798 1203">
     <span class='ocr_line' id='line_1_8' title="bbox 1202 970 1798 1174; baseline -0.018 0"><span class='ocrx_word' id='word_1_83' title='bbox 1202 970 1464 1174; x_wconf 45' lang='lat' dir='ltr'><em>ys</em></span> <span class='ocrx_word' id='word_1_84' title='bbox 1539 975 1798 1163; x_wconf 31' lang='lat' dir='ltr'><em>*a</em></span> 
     </span>
    </p>
   </div>
   <div class='ocr_carea' id='block_1_4' title="bbox 1204 1188 1207 1312">
    <p class='ocr_par' dir='ltr' id='par_1_5' title="bbox 1204 1188 1207 1312">
     <span class='ocr_line' id='line_1_9' title="bbox 1204 1188 1207 1312; baseline 0 0"><span class='ocrx_word' id='word_1_85' title='bbox 1204 1188 1207 1312; x_wconf 86' lang='grc' dir='ltr'>Ι</span> 
     </span>
    </p>
   </div>
   <div class='ocr_carea' id='block_1_5' title="bbox 1196 1323 1240 1373">
    <p class='ocr_par' dir='ltr' id='par_1_6' title="bbox 1196 1323 1240 1373">
     <span class='ocr_line' id='line_1_10' title="bbox 1196 1323 1240 1373; baseline 0 -30"><span class='ocrx_word' id='word_1_86' title='bbox 1196 1323 1224 1373; x_wconf 56' lang='grc' dir='ltr'><strong><em>β</em></strong></span> <span class='ocrx_word' id='word_1_87' title='bbox 1238 1341 1240 1343; x_wconf 77' lang='grc'>,</span> 
     </span>
    </p>
   </div>
   <div class='ocr_carea' id='block_1_6' title="bbox 292 1494 2760 2922">
    <p class='ocr_par' dir='ltr' id='par_1_7' title="bbox 298 1494 2718 1609">
     <span class='ocr_line' id='line_1_11' title="bbox 514 1494 2718 1550; baseline 0.001 -15"><span class='ocrx_word' id='word_1_88' title='bbox 514 1494 757 1550; x_wconf 82' lang='lat' dir='ltr'>Sequemur</span> <span class='ocrx_word' id='word_1_89' title='bbox 801 1496 1039 1536; x_wconf 89' lang='lat' dir='ltr'>testimonia</span> <span class='ocrx_word' id='word_1_90' title='bbox 1080 1507 1130 1536; x_wconf 90' lang='lat' dir='ltr'><em>ac</em></span> <span class='ocrx_word' id='word_1_91' title='bbox 1172 1496 1355 1550; x_wconf 82' lang='lat' dir='ltr'>primum</span> <span class='ocrx_word' id='word_1_92' title='bbox 1398 1496 1567 1550; x_wconf 91' lang='lat' dir='ltr'>quidem</span> <span class='ocrx_word' id='word_1_93' title='bbox 1613 1497 1928 1538; x_wconf 86' lang='lat' dir='ltr'>demonstretur</span> <span class='ocrx_word' id='word_1_94' title='bbox 1970 1507 2056 1547; x_wconf 88' lang='lat' dir='ltr'>eos,</span> <span class='ocrx_word' id='word_1_95' title='bbox 2097 1498 2170 1550; x_wconf 89' lang='lat' dir='ltr'><em>qui</em></span> <span class='ocrx_word' id='word_1_96' title='bbox 2212 1497 2446 1537; x_wconf 88' lang='lat' dir='ltr'>tractabant</span> <span class='ocrx_word' id='word_1_97' title='bbox 2489 1496 2580 1550; x_wconf 77' lang='grc'><em>1.,3,</em></span> <span class='ocrx_word' id='word_1_98' title='bbox 2622 1502 2718 1537; x_wconf 89' lang='lat' dir='ltr'>ante</span> 
     </span>
     <span class='ocr_line' id='line_1_12' title="bbox 298 1556 2424 1609; baseline 0 -15"><span class='ocrx_word' id='word_1_99' title='bbox 298 1557 444 1596; x_wconf 93' lang='lat' dir='ltr'>oculos</span> <span class='ocrx_word' id='word_1_100' title='bbox 479 1556 681 1594; x_wconf 83' lang='lat' dir='ltr'>habuisse</span> <span class='ocrx_word' id='word_1_101' title='bbox 713 1557 891 1594; x_wconf 87' lang='lat' dir='ltr'>formam</span> <span class='ocrx_word' id='word_1_102' title='bbox 925 1570 950 1594; x_wconf 90' lang='grc' dir='ltr'><em>α</em></span> <span class='ocrx_word' id='word_1_103' title='bbox 985 1557 1082 1606; x_wconf 90' lang='lat' dir='ltr'>(hoc</span> <span class='ocrx_word' id='word_1_104' title='bbox 1114 1557 1196 1594; x_wconf 90' lang='lat' dir='ltr'><em>iam</em></span> <span class='ocrx_word' id='word_1_105' title='bbox 1230 1557 1445 1609; x_wconf 86' lang='lat' dir='ltr'>Spengelii</span> <span class='ocrx_word' id='word_1_106' title='bbox 1479 1558 1923 1608; x_wconf 84' lang='lat' dir='ltr'>argumentationibus</span> <span class='ocrx_word' id='word_1_107' title='bbox 1956 1557 2306 1595; x_wconf 88' lang='lat' dir='ltr'>verisimillimum</span> <span class='ocrx_word' id='word_1_108' title='bbox 2341 1556 2424 1609; x_wconf 80' lang='lat' dir='ltr'>fit):</span> 
     </span>
    </p>

    <p class='ocr_par' dir='ltr' id='par_1_8' title="bbox 296 1614 2760 1787">
     <span class='ocr_line' id='line_1_13' title="bbox 520 1614 2717 1668; baseline 0.001 -16"><span class='ocrx_word' id='word_1_109' title='bbox 520 1614 570 1666; x_wconf 92' lang='lat' dir='ltr'>l.)</span> <span class='ocrx_word' id='word_1_110' title='bbox 604 1624 722 1665; x_wconf 85' lang='lat' dir='ltr'>parte</span> <span class='ocrx_word' id='word_1_111' title='bbox 754 1616 939 1666; x_wconf 88' lang='lat' dir='ltr'>quadam</span> <span class='ocrx_word' id='word_1_112' title='bbox 973 1615 1122 1665; x_wconf 89' lang='lat' dir='ltr'>capitis</span> <span class='ocrx_word' id='word_1_113' title='bbox 1154 1616 1262 1654; x_wconf 89' lang='lat' dir='ltr'>tertii</span> <span class='ocrx_word' id='word_1_114' title='bbox 1294 1617 1439 1666; x_wconf 86' lang='lat' dir='ltr'>agitur</span> <span class='ocrx_word' id='word_1_115' title='bbox 1478 1616 1529 1654; x_wconf 89' lang='lat' dir='ltr'>de</span> <span class='ocrx_word' id='word_1_116' title='bbox 1570 1617 1794 1655; x_wconf 88' lang='lat' dir='ltr'>sententia:</span> <span class='ocrx_word' id='word_1_117' title='bbox 1833 1616 1880 1655; x_wconf 75' lang='grc' dir='ltr'><em>τὸ</em></span> <span class='ocrx_word' id='word_1_118' title='bbox 1920 1614 2202 1668; x_wconf 77' lang='grc' dir='ltr'><em>ἀλλοιούμενον</em></span> <span class='ocrx_word' id='word_1_119' title='bbox 2239 1615 2344 1655; x_wconf 78' lang='grc' dir='ltr'><em>ἅπαν</em></span> <span class='ocrx_word' id='word_1_120' title='bbox 2381 1615 2610 1656; x_wconf 87' lang='grc' dir='ltr'><em>ἀλλοιοῦται</em></span> <span class='ocrx_word' id='word_1_121' title='bbox 2645 1615 2717 1655; x_wconf 75' lang='grc' dir='ltr'><em>ὑπὸ</em></span> 
     </span>
     <span class='ocr_line' id='line_1_14' title="bbox 298 1670 2717 1730; baseline 0 -18"><span class='ocrx_word' id='word_1_122' title='bbox 298 1675 376 1712; x_wconf 81' lang='grc' dir='ltr'><em>τῶν</em></span> <span class='ocrx_word' id='word_1_123' title='bbox 415 1670 643 1727; x_wconf 76' lang='grc' dir='ltr'><em>αἰσθητῶν,</em></span> <span class='ocrx_word' id='word_1_124' title='bbox 688 1672 752 1711; x_wconf 79' lang='grc' dir='ltr'><em>καὶ</em></span> <span class='ocrx_word' id='word_1_125' title='bbox 798 1671 839 1711; x_wconf 88' lang='grc' dir='ltr'><em>ἐν</em></span> <span class='ocrx_word' id='word_1_126' title='bbox 879 1670 1020 1725; x_wconf 78' lang='grc' dir='ltr'><em>μόνοις</em></span> <span class='ocrx_word' id='word_1_127' title='bbox 1060 1671 1233 1728; x_wconf 75' lang='grc' dir='ltr'><em>ὑπάρχει</em></span> <span class='ocrx_word' id='word_1_128' title='bbox 1277 1672 1433 1721; x_wconf 79' lang='grc' dir='ltr'><em>τούτοις</em></span> <span class='ocrx_word' id='word_1_129' title='bbox 1468 1673 1679 1722; x_wconf 83' lang='grc' dir='ltr'><em>ἀλλοίωσις</em></span> <span class='ocrx_word' id='word_1_130' title='bbox 1712 1674 1792 1714; x_wconf 75' lang='grc' dir='ltr'><em>ὅσα</em></span> <span class='ocrx_word' id='word_1_131' title='bbox 1830 1674 1921 1714; x_wconf 81' lang='grc' dir='ltr'><em>καθ’</em></span> <span class='ocrx_word' id='word_1_132' title='bbox 1961 1673 2066 1714; x_wconf 72' lang='grc' dir='ltr'><em>αὐτὰ</em></span> <span class='ocrx_word' id='word_1_133' title='bbox 2108 1672 2263 1726; x_wconf 85' lang='grc' dir='ltr'><em>λέγεται</em></span> <span class='ocrx_word' id='word_1_134' title='bbox 2306 1673 2479 1730; x_wconf 87' lang='grc' dir='ltr'><em>πάσχειν</em></span> <span class='ocrx_word' id='word_1_135' title='bbox 2523 1673 2597 1714; x_wconf 78' lang='grc' dir='ltr'><em>ὑπὸ</em></span> <span class='ocrx_word' id='word_1_136' title='bbox 2640 1676 2717 1714; x_wconf 84' lang='grc' dir='ltr'><em>τῶν</em></span> 
     </span>
     <span class='ocr_line' id='line_1_15' title="bbox 296 1727 2760 1787; baseline 0.001 -18"><span class='ocrx_word' id='word_1_137' title='bbox 296 1730 522 1787; x_wconf 82' lang='grc' dir='ltr'><em>αἷσθητων.</em></span> <span class='ocrx_word' id='word_1_138' title='bbox 2546 1732 2715 1772; x_wconf 77' lang='lat' dir='ltr'>245b6:</span> <span class='ocrx_word' id='word_1_139' title='bbox 2754 1727 2760 1733; x_wconf 46' lang='lat'>⁴</span> 
     </span>
    </p>

    <p class='ocr_par' dir='ltr' id='par_1_9' title="bbox 298 1788 2717 1906">
     <span class='ocr_line' id='line_1_16' title="bbox 514 1788 2717 1848; baseline 0 -19"><span class='ocrx_word' id='word_1_140' title='bbox 514 1791 549 1829; x_wconf 89' lang='lat' dir='ltr'><em>I:</em></span> <span class='ocrx_word' id='word_1_141' title='bbox 583 1803 659 1828; x_wconf 92' lang='grc' dir='ltr'><em>των</em></span> <span class='ocrx_word' id='word_1_142' title='bbox 683 1789 761 1844; x_wconf 81' lang='grc' dir='ltr'><em>γὰο</em></span> <span class='ocrx_word' id='word_1_143' title='bbox 783 1788 911 1829; x_wconf 82' lang='grc' dir='ltr'><em>ἄλλων</em></span> <span class='ocrx_word' id='word_1_144' title='bbox 930 1790 1092 1844; x_wconf 84' lang='grc' dir='ltr'><em>μάλιστ’</em></span> <span class='ocrx_word' id='word_1_145' title='bbox 1116 1789 1165 1829; x_wconf 80' lang='grc' dir='ltr'><em>ἄν</em></span> <span class='ocrx_word' id='word_1_146' title='bbox 1186 1804 1242 1838; x_wconf 91' lang='grc' dir='ltr'><em>τις</em></span> <span class='ocrx_word' id='word_1_147' title='bbox 1260 1789 1496 1843; x_wconf 76' lang='grc' dir='ltr'><em>ύπολάβοι”</em></span> <span class='ocrx_word' id='word_1_148' title='bbox 1472 1805 1514 1830; x_wconf 89' lang='grc' dir='ltr'><em>εν</em></span> <span class='ocrx_word' id='word_1_149' title='bbox 1536 1805 1579 1831; x_wconf 89' lang='grc' dir='ltr'><em>τε</em></span> <span class='ocrx_word' id='word_1_150' title='bbox 1601 1795 1688 1840; x_wconf 82' lang='grc' dir='ltr'><em>τοῖς</em></span> <span class='ocrx_word' id='word_1_151' title='bbox 1707 1792 1887 1848; x_wconf 71' lang='grc' dir='ltr'><em>σχήμασι</em></span> <span class='ocrx_word' id='word_1_152' title='bbox 1905 1806 1970 1830; x_wconf 93' lang='grc' dir='ltr'><em>και</em></span> <span class='ocrx_word' id='word_1_153' title='bbox 2002 1794 2094 1839; x_wconf 81' lang='grc' dir='ltr'><em>ταῖς</em></span> <span class='ocrx_word' id='word_1_154' title='bbox 2122 1794 2303 1845; x_wconf 70' lang='grc' dir='ltr'><em>μορφαῖς</em></span> <span class='ocrx_word' id='word_1_155' title='bbox 2331 1806 2393 1830; x_wconf 90' lang='grc' dir='ltr'><em>και</em></span> <span class='ocrx_word' id='word_1_156' title='bbox 2425 1791 2466 1830; x_wconf 87' lang='grc' dir='ltr'><em>ἐν</em></span> <span class='ocrx_word' id='word_1_157' title='bbox 2498 1805 2585 1839; x_wconf 87' lang='grc' dir='ltr'><em>ταις</em></span> <span class='ocrx_word' id='word_1_158' title='bbox 2610 1791 2717 1837; x_wconf 77' lang='grc' dir='ltr'><em>ἕξεσι</em></span> 
     </span>
     <span class='ocr_line' id='line_1_17' title="bbox 298 1847 2212 1906; baseline 0 -18"><span class='ocrx_word' id='word_1_159' title='bbox 298 1865 366 1889; x_wconf 88' lang='grc' dir='ltr'><em>και</em></span> <span class='ocrx_word' id='word_1_160' title='bbox 400 1863 486 1897; x_wconf 90' lang='grc' dir='ltr'><em>ταις</em></span> <span class='ocrx_word' id='word_1_161' title='bbox 520 1848 670 1888; x_wconf 77' lang='grc' dir='ltr'><em>τούτων</em></span> <span class='ocrx_word' id='word_1_162' title='bbox 702 1849 779 1903; x_wconf 43' lang='grc' dir='ltr'><em>λῆς</em></span> <span class='ocrx_word' id='word_1_163' title='bbox 781 1864 843 1888; x_wconf 91' lang='grc' dir='ltr'><em>εσι</em></span> <span class='ocrx_word' id='word_1_164' title='bbox 875 1864 939 1888; x_wconf 90' lang='grc' dir='ltr'><em>και</em></span> <span class='ocrx_word' id='word_1_165' title='bbox 971 1848 1195 1901; x_wconf 76' lang='grc' dir='ltr'><em>ἀποβολαῖς</em></span> <span class='ocrx_word' id='word_1_166' title='bbox 1226 1849 1432 1889; x_wconf 90' lang='grc' dir='ltr'><em>ἀλλοίωσιν</em></span> <span class='ocrx_word' id='word_1_167' title='bbox 1465 1850 1676 1906; x_wconf 75' lang='grc' dir='ltr'><em>ὑπάρχειν.</em></span> <span class='ocrx_word' id='word_1_168' title='bbox 1710 1850 1751 1890; x_wconf 84' lang='grc' dir='ltr'><em>ἐν</em></span> <span class='ocrx_word' id='word_1_169' title='bbox 1782 1849 2018 1904; x_wconf 72' lang='grc' dir='ltr'><em>οὐδετέροις</em></span> <span class='ocrx_word' id='word_1_170' title='bbox 2049 1847 2212 1890; x_wconf 79' lang='grc' dir='ltr'><em>ὃὲστιν.</em></span> 
     </span>
    </p>

    <p class='ocr_par' dir='ltr' id='par_1_10' title="bbox 294 1906 2715 2026">
     <span class='ocr_line' id='line_1_18' title="bbox 515 1906 2715 1964; baseline 0.001 -17.01"><span class='ocrx_word' id='word_1_171' title='bbox 515 1908 565 1947; x_wconf 91' lang='lat' dir='ltr'><em>A:</em></span> <span class='ocrx_word' id='word_1_172' title='bbox 598 1910 646 1947; x_wconf 72' lang='grc' dir='ltr'><em>τι)</em></span> <span class='ocrx_word' id='word_1_173' title='bbox 675 1907 753 1961; x_wconf 81' lang='grc' dir='ltr'><em>μὲν</em></span> <span class='ocrx_word' id='word_1_174' title='bbox 786 1907 864 1962; x_wconf 82' lang='grc' dir='ltr'><em>γὰρ</em></span> <span class='ocrx_word' id='word_1_175' title='bbox 907 1906 1261 1963; x_wconf 64' lang='grc' dir='ltr'><em>σχηματιζόμενον</em></span> <span class='ocrx_word' id='word_1_176' title='bbox 1304 1925 1369 1949; x_wconf 88' lang='grc' dir='ltr'><em>και</em></span> <span class='ocrx_word' id='word_1_177' title='bbox 1408 1908 1717 1963; x_wconf 70' lang='grc' dir='ltr'><em>ῥυθμιζιὶμενον</em></span> <span class='ocrx_word' id='word_1_178' title='bbox 1749 1908 1843 1949; x_wconf 77' lang='grc' dir='ltr'><em>ὅταν</em></span> <span class='ocrx_word' id='word_1_179' title='bbox 1875 1907 2129 1964; x_wconf 77' lang='grc' dir='ltr'><em>ἐπιτελεσθῇ,</em></span> <span class='ocrx_word' id='word_1_180' title='bbox 2162 1907 2212 1949; x_wconf 83' lang='grc' dir='ltr'><em>ού</em></span> <span class='ocrx_word' id='word_1_181' title='bbox 2243 1907 2406 1963; x_wconf 89' lang='grc' dir='ltr'><em>λέγομεν</em></span> <span class='ocrx_word' id='word_1_182' title='bbox 2437 1906 2563 1950; x_wconf 82' lang='grc' dir='ltr'><em>ἐκεῖνο</em></span> <span class='ocrx_word' id='word_1_183' title='bbox 2595 1908 2642 1956; x_wconf 76' lang='grc' dir='ltr'><em>εξ</em></span> <span class='ocrx_word' id='word_1_184' title='bbox 2668 1906 2715 1949; x_wconf 79' lang='grc' dir='ltr'><em>οῦ</em></span> 
     </span>
     <span class='ocr_line' id='line_1_19' title="bbox 294 1965 2075 2026; baseline -0.001 -18"><span class='ocrx_word' id='word_1_185' title='bbox 294 1966 411 2011; x_wconf 83' lang='grc' dir='ltr'><em>ἐστιν,</em></span> <span class='ocrx_word' id='word_1_186' title='bbox 444 1965 525 2008; x_wconf 82' lang='grc' dir='ltr'><em>οἷον</em></span> <span class='ocrx_word' id='word_1_187' title='bbox 557 1967 631 2008; x_wconf 76' lang='grc' dir='ltr'><em>τὸν</em></span> <span class='ocrx_word' id='word_1_188' title='bbox 663 1965 889 2022; x_wconf 73' lang='grc' dir='ltr'><em>ἀνδριάντα</em></span> <span class='ocrx_word' id='word_1_189' title='bbox 915 1966 1145 2024; x_wconf 75' lang='grc' dir='ltr'><em>χαλκοῦν..</em></span> <span class='ocrx_word' id='word_1_190' title='bbox 1163 1996 1200 2013; x_wconf 89' lang='grc'><em>.,</em></span> <span class='ocrx_word' id='word_1_191' title='bbox 1234 1966 1332 2008; x_wconf 82' lang='grc' dir='ltr'><em>ἀλλὰ</em></span> <span class='ocrx_word' id='word_1_192' title='bbox 1366 1968 1741 2024; x_wconf 79' lang='grc' dir='ltr'><em>παρωνυμιάζοντες</em></span> <span class='ocrx_word' id='word_1_193' title='bbox 1772 1969 1815 2008; x_wconf 77' lang='grc' dir='ltr'><em>τὸ</em></span> <span class='ocrx_word' id='word_1_194' title='bbox 1848 1968 2075 2026; x_wconf 79' lang='grc' dir='ltr'><em>χαλκοῦν.</em></span> 
     </span>
    </p>

    <p class='ocr_par' dir='ltr' id='par_1_11' title="bbox 292 2025 2713 2140">
     <span class='ocr_line' id='line_1_20' title="bbox 513 2025 2713 2096; baseline 0 -33"><span class='ocrx_word' id='word_1_195' title='bbox 513 2026 566 2063; x_wconf 87' lang='lat' dir='ltr'><em>B:</em></span> <span class='ocrx_word' id='word_1_196' title='bbox 600 2028 643 2064; x_wconf 79' lang='grc' dir='ltr'><em>τὸ</em></span> <span class='ocrx_word' id='word_1_197' title='bbox 676 2025 723 2064; x_wconf 75' lang='grc' dir='ltr'><em>δὲ</em></span> <span class='ocrx_word' id='word_1_198' title='bbox 754 2027 959 2096; x_wconf 78' lang='grc' dir='ltr'><em>πεπονθὸς</em></span> <span class='ocrx_word' id='word_1_199' title='bbox 991 2041 1054 2063; x_wconf 86' lang='grc' dir='ltr'><em>και</em></span> <span class='ocrx_word' id='word_1_200' title='bbox 1086 2026 1352 2081; x_wconf 73' lang='grc' dir='ltr'><em>ἠλλοιωμένον</em></span> <span class='ocrx_word' id='word_1_201' title='bbox 1386 2027 1758 2080; x_wconf 85' lang='grc' dir='ltr'><em>ποοσαγορεύομεν.</em></span> <span class='ocrx_word' id='word_1_202' title='bbox 1793 2027 1919 2080; x_wconf 75' lang='grc' dir='ltr'><em>ὑγρὸν</em></span> <span class='ocrx_word' id='word_1_203' title='bbox 1954 2027 2057 2080; x_wconf 85' lang='grc' dir='ltr'><em>γὰρ.</em></span> <span class='ocrx_word' id='word_1_204' title='bbox 2103 2028 2198 2064; x_wconf 76' lang='grc' dir='ltr'><em>,τὸν</em></span> <span class='ocrx_word' id='word_1_205' title='bbox 2224 2027 2379 2082; x_wconf 84' lang='grc' dir='ltr'><em>χαλκὸν</em></span> <span class='ocrx_word' id='word_1_206' title='bbox 2409 2026 2589 2078; x_wconf 85' lang='grc' dir='ltr'><em>λέγομεν.</em></span> <span class='ocrx_word' id='word_1_207' title='bbox 2651 2028 2713 2064; x_wconf 76' lang='grc' dir='ltr'><em>καὶ</em></span> 
     </span>
     <span class='ocr_line' id='line_1_21' title="bbox 292 2082 2713 2156; baseline 0 -33"><span class='ocrx_word' id='word_1_208' title='bbox 292 2083 471 2138; x_wconf 74' lang='grc' dir='ltr'><em>ου’μόνον</em></span> <span class='ocrx_word' id='word_1_209' title='bbox 503 2082 647 2131; x_wconf 74' lang='grc' dir='ltr'><em>οὕτως,</em></span> <span class='ocrx_word' id='word_1_210' title='bbox 681 2083 780 2122; x_wconf 82' lang='grc' dir='ltr'><em>ἀλλὰ</em></span> <span class='ocrx_word' id='word_1_211' title='bbox 814 2100 881 2123; x_wconf 88' lang='grc' dir='ltr'><em>και</em></span> <span class='ocrx_word' id='word_1_212' title='bbox 914 2085 962 2123; x_wconf 79' lang='grc' dir='ltr'><em>το</em></span> <span class='ocrx_word' id='word_1_213' title='bbox 996 2083 1148 2138; x_wconf 80' lang='grc' dir='ltr'><em>ύγρον.</em></span> <span class='ocrx_word' id='word_1_214' title='bbox 1165 2084 1369 2156; x_wconf 81' lang='grc' dir='ltr'><em>..χαλκὸν</em></span> <span class='ocrx_word' id='word_1_215' title='bbox 1401 2083 1577 2138; x_wconf 81' lang='grc' dir='ltr'><em>λέγομεν,</em></span> <span class='ocrx_word' id='word_1_216' title='bbox 1610 2084 1834 2139; x_wconf 78' lang='grc' dir='ltr'><em>ὁμωνύμως</em></span> <span class='ocrx_word' id='word_1_217' title='bbox 1865 2085 1920 2138; x_wconf 81' lang='grc' dir='ltr'><em>τῷ</em></span> <span class='ocrx_word' id='word_1_218' title='bbox 1953 2083 2079 2125; x_wconf 87' lang='grc' dir='ltr'><em>πάθει</em></span> <span class='ocrx_word' id='word_1_219' title='bbox 2111 2082 2488 2138; x_wconf 76' lang='grc' dir='ltr'><em>προσαγορεύοντες</em></span> <span class='ocrx_word' id='word_1_220' title='bbox 2515 2083 2584 2139; x_wconf 78' lang='grc' dir='ltr'><em>τὴν</em></span> <span class='ocrx_word' id='word_1_221' title='bbox 2605 2082 2713 2140; x_wconf 72' lang='grc' dir='ltr'><em>ὕλην.</em></span> 
     </span>
    </p>

    <p class='ocr_par' dir='ltr' id='par_1_12' title="bbox 293 2140 2719 2371">
     <span class='ocr_line' id='line_1_22' title="bbox 513 2140 2714 2199; baseline 0 -16"><span class='ocrx_word' id='word_1_222' title='bbox 513 2143 809 2183; x_wconf 87' lang='lat' dir='ltr'>Conclusio:</span> <span class='ocrx_word' id='word_1_223' title='bbox 847 2142 947 2183; x_wconf 80' lang='grc' dir='ltr'><em>ὥστ’</em></span> <span class='ocrx_word' id='word_1_224' title='bbox 980 2158 1016 2183; x_wconf 95' lang='grc' dir='ltr'><em>ει</em></span> <span class='ocrx_word' id='word_1_225' title='bbox 1049 2142 1148 2183; x_wconf 82' lang='grc' dir='ltr'><em>κατὰ</em></span> <span class='ocrx_word' id='word_1_226' title='bbox 1176 2142 1257 2197; x_wconf 88' lang='grc' dir='ltr'><em>μὲν</em></span> <span class='ocrx_word' id='word_1_227' title='bbox 1289 2158 1333 2184; x_wconf 92' lang='grc' dir='ltr'><em>το</em></span> <span class='ocrx_word' id='word_1_228' title='bbox 1365 2145 1510 2199; x_wconf 77' lang='grc' dir='ltr'><em>σχῆμα</em></span> <span class='ocrx_word' id='word_1_229' title='bbox 1548 2144 1611 2184; x_wconf 78' lang='grc' dir='ltr'><em>καὶ</em></span> <span class='ocrx_word' id='word_1_230' title='bbox 1645 2143 1714 2199; x_wconf 76' lang='grc' dir='ltr'><em>τὴν</em></span> <span class='ocrx_word' id='word_1_231' title='bbox 1741 2144 1909 2199; x_wconf 74' lang='grc' dir='ltr'><em>μορφὴν</em></span> <span class='ocrx_word' id='word_1_232' title='bbox 1946 2142 1994 2183; x_wconf 84' lang='grc' dir='ltr'><em>ου’</em></span> <span class='ocrx_word' id='word_1_233' title='bbox 2026 2141 2181 2197; x_wconf 87' lang='grc' dir='ltr'><em>λέγεται</em></span> <span class='ocrx_word' id='word_1_234' title='bbox 2213 2142 2261 2183; x_wconf 86' lang='grc' dir='ltr'><em>τὸ</em></span> <span class='ocrx_word' id='word_1_235' title='bbox 2295 2144 2456 2197; x_wconf 77' lang='grc' dir='ltr'><em>γεγονὸς</em></span> <span class='ocrx_word' id='word_1_236' title='bbox 2485 2142 2528 2184; x_wconf 79' lang='grc' dir='ltr'><em>ἐν</em></span> <span class='ocrx_word' id='word_1_237' title='bbox 2560 2140 2596 2197; x_wconf 78' lang='grc' dir='ltr'><em>ᾦ</em></span> <span class='ocrx_word' id='word_1_238' title='bbox 2628 2141 2714 2184; x_wconf 76' lang='grc' dir='ltr'><em>ἐστὶ</em></span> 
     </span>
     <span class='ocr_line' id='line_1_23' title="bbox 293 2200 2719 2258; baseline -0 -16"><span class='ocrx_word' id='word_1_239' title='bbox 293 2203 339 2243; x_wconf 76' lang='grc' dir='ltr'><em>τὸ</em></span> <span class='ocrx_word' id='word_1_240' title='bbox 371 2204 535 2258; x_wconf 77' lang='grc' dir='ltr'><em>σχῆμα,</em></span> <span class='ocrx_word' id='word_1_241' title='bbox 575 2201 673 2241; x_wconf 81' lang='grc' dir='ltr'><em>κατὰ</em></span> <span class='ocrx_word' id='word_1_242' title='bbox 706 2200 753 2241; x_wconf 74' lang='grc' dir='ltr'><em>δὲ</em></span> <span class='ocrx_word' id='word_1_243' title='bbox 793 2201 838 2241; x_wconf 83' lang='grc' dir='ltr'><em>τὰ</em></span> <span class='ocrx_word' id='word_1_244' title='bbox 877 2201 925 2241; x_wconf 86' lang='grc' dir='ltr'><em>τὰ</em></span> <span class='ocrx_word' id='word_1_245' title='bbox 966 2201 1079 2258; x_wconf 88' lang='grc' dir='ltr'><em>πάθη</em></span> <span class='ocrx_word' id='word_1_246' title='bbox 1122 2202 1190 2242; x_wconf 77' lang='grc' dir='ltr'><em>καὶ</em></span> <span class='ocrx_word' id='word_1_247' title='bbox 1229 2205 1301 2251; x_wconf 83' lang='grc' dir='ltr'><em>τᾶς</em></span> <span class='ocrx_word' id='word_1_248' title='bbox 1336 2202 1569 2251; x_wconf 85' lang='grc' dir='ltr'><em>ἀλλοιώσεις</em></span> <span class='ocrx_word' id='word_1_249' title='bbox 1605 2201 1773 2254; x_wconf 87' lang='grc' dir='ltr'><em>λέγεται,</em></span> <span class='ocrx_word' id='word_1_250' title='bbox 1811 2203 1991 2257; x_wconf 74' lang='grc' dir='ltr'><em>φανερὸν</em></span> <span class='ocrx_word' id='word_1_251' title='bbox 2031 2202 2093 2243; x_wconf 70' lang='grc' dir='ltr'><em>ὅτι</em></span> <span class='ocrx_word' id='word_1_252' title='bbox 2133 2201 2209 2242; x_wconf 68' lang='grc' dir='ltr'><em>οὐκ</em></span> <span class='ocrx_word' id='word_1_253' title='bbox 2250 2200 2301 2242; x_wconf 79' lang='grc' dir='ltr'><em>ἂν</em></span> <span class='ocrx_word' id='word_1_254' title='bbox 2340 2200 2423 2242; x_wconf 82' lang='grc' dir='ltr'><em>εἷεν</em></span> <span class='ocrx_word' id='word_1_255' title='bbox 2460 2202 2502 2242; x_wconf 79' lang='grc' dir='ltr'><em>αἱ</em></span> <span class='ocrx_word' id='word_1_256' title='bbox 2543 2201 2719 2254; x_wconf 76' lang='grc' dir='ltr'><em>γενέσεις</em></span> 
     </span>
     <span class='ocr_line' id='line_1_24' title="bbox 294 2259 690 2309; baseline -0.003 -8"><span class='ocrx_word' id='word_1_257' title='bbox 294 2259 414 2301; x_wconf 83' lang='grc' dir='ltr'><em>αὗται</em></span> <span class='ocrx_word' id='word_1_258' title='bbox 447 2261 690 2309; x_wconf 82' lang='grc' dir='ltr'><em>ἀλλοιώσεις.</em></span> 
     </span>
     <span class='ocr_line' id='line_1_25' title="bbox 294 2320 1345 2371; baseline -0.001 -12"><span class='ocrx_word' id='word_1_259' title='bbox 294 2322 361 2359; x_wconf 89' lang='lat' dir='ltr'><em>his</em></span> <span class='ocrx_word' id='word_1_260' title='bbox 395 2320 614 2359; x_wconf 85' lang='lat' dir='ltr'>sententiis</span> <span class='ocrx_word' id='word_1_261' title='bbox 646 2333 684 2371; x_wconf 90' lang='lat' dir='ltr'><em>p.</em></span> <span class='ocrx_word' id='word_1_262' title='bbox 708 2320 852 2357; x_wconf 65' lang='lat'>24624</span> <span class='ocrx_word' id='word_1_263' title='bbox 885 2320 1135 2371; x_wconf 85' lang='lat' dir='ltr'>adiungitur</span> <span class='ocrx_word' id='word_1_264' title='bbox 1167 2321 1345 2359; x_wconf 88' lang='lat' dir='ltr'>dictum:</span> 
     </span>
    </p>

    <p class='ocr_par' dir='ltr' id='par_1_13' title="bbox 292 2375 2714 2605">
     <span class='ocr_line' id='line_1_26' title="bbox 509 2375 2711 2433; baseline 0 -17"><span class='ocrx_word' id='word_1_265' title='bbox 509 2393 568 2417; x_wconf 86' lang='grc' dir='ltr'><em>ετι</em></span> <span class='ocrx_word' id='word_1_266' title='bbox 599 2376 644 2416; x_wconf 75' lang='grc' dir='ltr'><em>δὲ</em></span> <span class='ocrx_word' id='word_1_267' title='bbox 676 2393 744 2416; x_wconf 86' lang='grc' dir='ltr'><em>και</em></span> <span class='ocrx_word' id='word_1_268' title='bbox 776 2377 898 2417; x_wconf 79' lang='grc' dir='ltr'><em>εἰπεῖν</em></span> <span class='ocrx_word' id='word_1_269' title='bbox 927 2376 1060 2425; x_wconf 67' lang='grc' dir='ltr'><em>οὕτως</em></span> <span class='ocrx_word' id='word_1_270' title='bbox 1087 2376 1239 2417; x_wconf 77' lang='grc' dir='ltr'><em>ἄτοπον</em></span> <span class='ocrx_word' id='word_1_271' title='bbox 1280 2377 1328 2417; x_wconf 74' lang='grc' dir='ltr'><em>ἂν</em></span> <span class='ocrx_word' id='word_1_272' title='bbox 1368 2377 1541 2422; x_wconf 72' lang='grc' dir='ltr'><em>ούξειεν,</em></span> <span class='ocrx_word' id='word_1_273' title='bbox 1574 2377 1819 2433; x_wconf 74' lang='grc' dir='ltr'><em>ἦλλοιωσθαι</em></span> <span class='ocrx_word' id='word_1_274' title='bbox 1854 2379 1922 2418; x_wconf 79' lang='grc' dir='ltr'><em>τον</em></span> <span class='ocrx_word' id='word_1_275' title='bbox 1955 2375 2233 2430; x_wconf 76' lang='grc' dir='ltr'><em>ἅνθρωπονν</em></span> <span class='ocrx_word' id='word_1_276' title='bbox 2210 2392 2233 2432; x_wconf 90' lang='grc' dir='ltr'><em>η</em></span> <span class='ocrx_word' id='word_1_277' title='bbox 2275 2377 2346 2432; x_wconf 81' lang='grc' dir='ltr'><em>τὴν</em></span> <span class='ocrx_word' id='word_1_278' title='bbox 2387 2375 2512 2418; x_wconf 79' lang='grc' dir='ltr'><em>οἰκίαν</em></span> <span class='ocrx_word' id='word_1_279' title='bbox 2551 2375 2574 2431; x_wconf 78' lang='grc' dir='ltr'><em>ἢ</em></span> <span class='ocrx_word' id='word_1_280' title='bbox 2616 2375 2711 2417; x_wconf 81' lang='grc' dir='ltr'><em>ἄλλο</em></span> 
     </span>
     <span class='ocr_line' id='line_1_27' title="bbox 293 2433 2717 2492; baseline 0 -18"><span class='ocrx_word' id='word_1_281' title='bbox 293 2437 427 2477; x_wconf 72' lang='grc' dir='ltr'><em>ὁτιοῦν</em></span> <span class='ocrx_word' id='word_1_282' title='bbox 461 2438 542 2476; x_wconf 83' lang='grc' dir='ltr'><em>τῶν</em></span> <span class='ocrx_word' id='word_1_283' title='bbox 577 2434 854 2490; x_wconf 76' lang='grc' dir='ltr'><em>γεγενημένων</em></span> <span class='ocrx_word' id='word_1_284' title='bbox 921 2435 1020 2476; x_wconf 75' lang='grc' dir='ltr'><em>ἀλλὰ</em></span> <span class='ocrx_word' id='word_1_285' title='bbox 1070 2434 1255 2487; x_wconf 89' lang='grc' dir='ltr'><em>γίνεσθαι</em></span> <span class='ocrx_word' id='word_1_286' title='bbox 1299 2434 1382 2490; x_wconf 83' lang='grc' dir='ltr'><em>μὲν</em></span> <span class='ocrx_word' id='word_1_287' title='bbox 1424 2433 1519 2485; x_wconf 85' lang='grc' dir='ltr'><em>ι’σως</em></span> <span class='ocrx_word' id='word_1_288' title='bbox 1561 2435 1733 2477; x_wconf 86' lang='grc' dir='ltr'><em>εκαστον</em></span> <span class='ocrx_word' id='word_1_289' title='bbox 1771 2435 1990 2488; x_wconf 64' lang='grc' dir='ltr'><em>ἀναγκαῖον</em></span> <span class='ocrx_word' id='word_1_290' title='bbox 2030 2434 2321 2490; x_wconf 81' lang='grc' dir='ltr'><em>ἀλλοιουμένου</em></span> <span class='ocrx_word' id='word_1_291' title='bbox 2361 2434 2482 2485; x_wconf 83' lang='grc' dir='ltr'><em>τινός,</em></span> <span class='ocrx_word' id='word_1_292' title='bbox 2525 2434 2607 2476; x_wconf 85' lang='grc' dir='ltr'><em>οἷον</em></span> <span class='ocrx_word' id='word_1_293' title='bbox 2644 2437 2717 2492; x_wconf 72' lang='grc' dir='ltr'><em>τῆς</em></span> 
     </span>
     <span class='ocr_line' id='line_1_28' title="bbox 292 2493 2712 2592; baseline -0.001 -57"><span class='ocrx_word' id='word_1_294' title='bbox 292 2494 390 2551; x_wconf 82' lang='grc' dir='ltr'><em>ῦλης</em></span> <span class='ocrx_word' id='word_1_295' title='bbox 418 2493 710 2592; x_wconf 75' lang='grc' dir='ltr'><em>πυκνουμένης</em></span> <span class='ocrx_word' id='word_1_296' title='bbox 730 2509 754 2550; x_wconf 89' lang='grc' dir='ltr'><em>η</em></span> <span class='ocrx_word' id='word_1_297' title='bbox 784 2493 1035 2567; x_wconf 81' lang='grc' dir='ltr'><em>μανουμένης</em></span> <span class='ocrx_word' id='word_1_298' title='bbox 1070 2508 1094 2566; x_wconf 82' lang='grc' dir='ltr'><em>η</em></span> <span class='ocrx_word' id='word_1_299' title='bbox 1131 2493 1501 2550; x_wconf 86' lang='grc' dir='ltr'><em>θερααινοαένης</em></span> <span class='ocrx_word' id='word_1_300' title='bbox 1481 2509 1505 2551; x_wconf 82' lang='grc' dir='ltr'><em>η</em></span> <span class='ocrx_word' id='word_1_301' title='bbox 1537 2494 1794 2551; x_wconf 63' lang='grc' dir='ltr'><em>ᾄυχομένης,</em></span> <span class='ocrx_word' id='word_1_302' title='bbox 1826 2494 1873 2533; x_wconf 73' lang='grc' dir='ltr'><em>οὐ</em></span> <span class='ocrx_word' id='word_1_303' title='bbox 1902 2493 2040 2548; x_wconf 89' lang='grc' dir='ltr'><em>μέντοι</em></span> <span class='ocrx_word' id='word_1_304' title='bbox 2074 2508 2122 2533; x_wconf 87' lang='grc' dir='ltr'><em>τα</em></span> <span class='ocrx_word' id='word_1_305' title='bbox 2157 2493 2354 2547; x_wconf 75' lang='grc' dir='ltr'><em>γινόμενά</em></span> <span class='ocrx_word' id='word_1_306' title='bbox 2392 2508 2436 2546; x_wconf 90' lang='grc' dir='ltr'><em>γε</em></span> <span class='ocrx_word' id='word_1_307' title='bbox 2474 2493 2712 2535; x_wconf 87' lang='grc' dir='ltr'><em>ἀλλοιοῦτα..</em></span> 
     </span>
     <span class='ocr_line' id='line_1_29' title="bbox 293 2552 1183 2609; baseline 0.002 -18"><span class='ocrx_word' id='word_1_308' title='bbox 293 2553 383 2593; x_wconf 64' lang='lat'><em>000</em></span> <span class='ocrx_word' id='word_1_309' title='bbox 418 2552 632 2609; x_wconf 66' lang='grc' dir='ltr'><em>ΤΤέΡεσζς</em></span> <span class='ocrx_word' id='word_1_310' title='bbox 660 2553 802 2593; x_wconf 66' lang='grc' dir='ltr'><em>αΙΥῶν</em></span> <span class='ocrx_word' id='word_1_311' title='bbox 835 2553 1039 2601; x_wconf 59' lang='grc' dir='ltr'><em>(λλλθζίθσζς</em></span> <span class='ocrx_word' id='word_1_312' title='bbox 1067 2568 1183 2593; x_wconf 60' lang='grc' dir='ltr'><em>ΞΠΤΖΡ</em></span> 
     </span>
    </p>

    <p class='ocr_par' dir='ltr' id='par_1_14' title="bbox 292 2611 2713 2900">
     <span class='ocr_line' id='line_1_30' title="bbox 508 2611 2711 2665; baseline 0 -14"><span class='ocrx_word' id='word_1_313' title='bbox 508 2614 550 2652; x_wconf 87' lang='lat' dir='ltr'><em>in</em></span> <span class='ocrx_word' id='word_1_314' title='bbox 583 2614 777 2664; x_wconf 87' lang='lat' dir='ltr'>exemplo</span> <span class='ocrx_word' id='word_1_315' title='bbox 802 2611 835 2664; x_wconf 77' lang='grc' dir='ltr'><em>β</em></span> <span class='ocrx_word' id='word_1_316' title='bbox 868 2613 946 2653; x_wconf 88' lang='lat' dir='ltr'><em>hoc</em></span> <span class='ocrx_word' id='word_1_317' title='bbox 976 2614 1311 2653; x_wconf 86' lang='lat' dir='ltr'>additamentum</span> <span class='ocrx_word' id='word_1_318' title='bbox 1346 2615 1529 2665; x_wconf 88' lang='lat' dir='ltr'>positum</span> <span class='ocrx_word' id='word_1_319' title='bbox 1563 2621 1625 2653; x_wconf 88' lang='lat' dir='ltr'><em>est</em></span> <span class='ocrx_word' id='word_1_320' title='bbox 1658 2615 1700 2653; x_wconf 91' lang='lat' dir='ltr'><em>in</em></span> <span class='ocrx_word' id='word_1_321' title='bbox 1732 2613 2114 2664; x_wconf 83' lang='lat' dir='ltr'>argumentationis</span> <span class='ocrx_word' id='word_1_322' title='bbox 2146 2621 2265 2664; x_wconf 86' lang='lat' dir='ltr'>parte</span> <span class='ocrx_word' id='word_1_323' title='bbox 2297 2613 2444 2664; x_wconf 89' lang='lat' dir='ltr'>prima.</span> <span class='ocrx_word' id='word_1_324' title='bbox 2497 2624 2711 2663; x_wconf 87' lang='lat' dir='ltr'>gramma-</span> 
     </span>
     <span class='ocr_line' id='line_1_31' title="bbox 294 2671 2713 2724; baseline 0 -14"><span class='ocrx_word' id='word_1_325' title='bbox 294 2674 419 2711; x_wconf 86' lang='lat' dir='ltr'>ticam</span> <span class='ocrx_word' id='word_1_326' title='bbox 451 2683 556 2721; x_wconf 83' lang='lat' dir='ltr'>ergo</span> <span class='ocrx_word' id='word_1_327' title='bbox 588 2678 627 2710; x_wconf 93' lang='lat' dir='ltr'><em>et</em></span> <span class='ocrx_word' id='word_1_328' title='bbox 660 2672 839 2722; x_wconf 84' lang='lat' dir='ltr'>logicam</span> <span class='ocrx_word' id='word_1_329' title='bbox 873 2673 1195 2724; x_wconf 83' lang='lat' dir='ltr'>explicationem</span> <span class='ocrx_word' id='word_1_330' title='bbox 1228 2673 1383 2724; x_wconf 90' lang='lat' dir='ltr'>aliquis</span> <span class='ocrx_word' id='word_1_331' title='bbox 1422 2673 1695 2712; x_wconf 86' lang='lat' dir='ltr'>commiscuit.</span> <span class='ocrx_word' id='word_1_332' title='bbox 1758 2684 1807 2712; x_wconf 92' lang='lat' dir='ltr'>eo</span> <span class='ocrx_word' id='word_1_333' title='bbox 1845 2672 1936 2711; x_wconf 90' lang='lat' dir='ltr'>loco</span> <span class='ocrx_word' id='word_1_334' title='bbox 1973 2678 2112 2711; x_wconf 90' lang='lat' dir='ltr'>autem</span> <span class='ocrx_word' id='word_1_335' title='bbox 2154 2682 2239 2723; x_wconf 91' lang='lat' dir='ltr'><em>quo</em></span> <span class='ocrx_word' id='word_1_336' title='bbox 2278 2671 2320 2710; x_wconf 92' lang='lat' dir='ltr'><em>in</em></span> <span class='ocrx_word' id='word_1_337' title='bbox 2361 2685 2387 2710; x_wconf 94' lang='grc' dir='ltr'><em>α</em></span> <span class='ocrx_word' id='word_1_338' title='bbox 2426 2672 2609 2722; x_wconf 89' lang='lat' dir='ltr'>positum</span> <span class='ocrx_word' id='word_1_339' title='bbox 2650 2679 2713 2710; x_wconf 89' lang='lat' dir='ltr'><em>est</em></span> 
     </span>
     <span class='ocr_line' id='line_1_32' title="bbox 293 2727 2713 2784; baseline -0 -14"><span class='ocrx_word' id='word_1_340' title='bbox 293 2730 643 2778; x_wconf 80' lang='lat' dir='ltr'>additamentum,</span> <span class='ocrx_word' id='word_1_341' title='bbox 668 2728 701 2781; x_wconf 76' lang='grc' dir='ltr'><em>β</em></span> <span class='ocrx_word' id='word_1_342' title='bbox 732 2741 902 2782; x_wconf 84' lang='lat' dir='ltr'>quoque</span> <span class='ocrx_word' id='word_1_343' title='bbox 942 2732 1021 2771; x_wconf 90' lang='lat' dir='ltr'><em>hoc</em></span> <span class='ocrx_word' id='word_1_344' title='bbox 1059 2731 1184 2770; x_wconf 79' lang='lat' dir='ltr'>niodo</span> <span class='ocrx_word' id='word_1_345' title='bbox 1221 2731 1366 2783; x_wconf 88' lang='lat' dir='ltr'>incipit</span> <span class='ocrx_word' id='word_1_346' title='bbox 1407 2730 1641 2784; x_wconf 62' lang='lat'>(246225):</span> <span class='ocrx_word' id='word_1_347' title='bbox 1681 2728 1738 2771; x_wconf 86' lang='grc' dir='ltr'><em>ἔτι</em></span> <span class='ocrx_word' id='word_1_348' title='bbox 1777 2729 1841 2770; x_wconf 78' lang='grc' dir='ltr'><em>καὶ</em></span> <span class='ocrx_word' id='word_1_349' title='bbox 1881 2728 2011 2778; x_wconf 81' lang='grc' dir='ltr'><em>ἄλλως</em></span> <span class='ocrx_word' id='word_1_350' title='bbox 2048 2727 2209 2770; x_wconf 81' lang='grc' dir='ltr'><em>ἄτοπον.</em></span> <span class='ocrx_word' id='word_1_351' title='bbox 2271 2728 2320 2769; x_wconf 79' lang='grc' dir='ltr'><em>τὸ</em></span> <span class='ocrx_word' id='word_1_352' title='bbox 2359 2728 2438 2784; x_wconf 86' lang='grc' dir='ltr'><em>γὰρ</em></span> <span class='ocrx_word' id='word_1_353' title='bbox 2478 2727 2604 2781; x_wconf 86' lang='grc' dir='ltr'><em>λέγειν</em></span> <span class='ocrx_word' id='word_1_354' title='bbox 2643 2729 2713 2769; x_wconf 84' lang='grc' dir='ltr'><em>τὸν</em></span> 
     </span>
     <span class='ocr_line' id='line_1_33' title="bbox 292 2786 2712 2845; baseline 0 -19"><span class='ocrx_word' id='word_1_355' title='bbox 292 2787 512 2844; x_wconf 80' lang='grc' dir='ltr'><em>ἄνθρωπον</em></span> <span class='ocrx_word' id='word_1_356' title='bbox 543 2788 790 2844; x_wconf 72' lang='grc' dir='ltr'><em>ἠλλοιῶσθαι</em></span> <span class='ocrx_word' id='word_1_357' title='bbox 824 2786 845 2845; x_wconf 76' lang='grc' dir='ltr'><em>ἢ</em></span> <span class='ocrx_word' id='word_1_358' title='bbox 881 2789 951 2845; x_wconf 77' lang='grc' dir='ltr'><em>τὴν</em></span> <span class='ocrx_word' id='word_1_359' title='bbox 983 2789 1110 2829; x_wconf 82' lang='grc' dir='ltr'><em>οἰκίαν</em></span> <span class='ocrx_word' id='word_1_360' title='bbox 1144 2791 1210 2840; x_wconf 83' lang='lat' dir='ltr'>(cf.</span> <span class='ocrx_word' id='word_1_361' title='bbox 1236 2804 1262 2828; x_wconf 91' lang='grc' dir='ltr'><em>α</em></span> <span class='ocrx_word' id='word_1_362' title='bbox 1296 2790 1474 2843; x_wconf 73' lang='lat'>24624).</span> <span class='ocrx_word' id='word_1_363' title='bbox 1537 2790 1612 2829; x_wconf 93' lang='lat' dir='ltr'><em>sed</em></span> <span class='ocrx_word' id='word_1_364' title='bbox 1645 2802 1740 2829; x_wconf 92' lang='lat' dir='ltr'><em>cum</em></span> <span class='ocrx_word' id='word_1_365' title='bbox 1774 2790 1993 2837; x_wconf 86' lang='lat' dir='ltr'>sententia,</span> <span class='ocrx_word' id='word_1_366' title='bbox 2026 2801 2136 2841; x_wconf 90' lang='lat' dir='ltr'>quae</span> <span class='ocrx_word' id='word_1_367' title='bbox 2168 2790 2211 2827; x_wconf 89' lang='lat' dir='ltr'><em>in</em></span> <span class='ocrx_word' id='word_1_368' title='bbox 2243 2803 2269 2826; x_wconf 90' lang='grc' dir='ltr'><em>α</em></span> <span class='ocrx_word' id='word_1_369' title='bbox 2301 2789 2507 2840; x_wconf 85' lang='lat' dir='ltr'>sequitur,</span> <span class='ocrx_word' id='word_1_370' title='bbox 2544 2790 2626 2826; x_wconf 89' lang='lat' dir='ltr'><em>iam</em></span> <span class='ocrx_word' id='word_1_371' title='bbox 2660 2790 2712 2827; x_wconf 90' lang='lat' dir='ltr'><em>sit</em></span> 
     </span>
     <span class='ocr_line' id='line_1_34' title="bbox 294 2850 781 2922; baseline -0.002 -35"><span class='ocrx_word' id='word_1_372' title='bbox 294 2854 531 2900; x_wconf 79' lang='lat' dir='ltr'>praecepta</span> <span class='ocrx_word' id='word_1_373' title='bbox 564 2861 617 2886; x_wconf 82' lang='lat' dir='ltr'>ex</span> <span class='ocrx_word' id='word_1_374' title='bbox 651 2850 781 2922; x_wconf 78' lang='lat' dir='ltr'>partis</span> 
     </span>
    </p>
   </div>
   <div class='ocr_carea' id='block_1_7' title="bbox 789 2905 831 2918">
    <p class='ocr_par' dir='ltr' id='par_1_15' title="bbox 789 2905 831 2918">
     <span class='ocr_line' id='line_1_35' title="bbox 789 2905 831 2918; baseline -0.024 0"><span class='ocrx_word' id='word_1_375' title='bbox 789 2905 831 2918; x_wconf 53' lang='lat'><em>97-</em></span> 
     </span>
    </p>
   </div>
   <div class='ocr_carea' id='block_1_8' title="bbox 266 2904 2711 3392">
    <p class='ocr_par' dir='ltr' id='par_1_16' title="bbox 508 2904 2259 2962">
     <span class='ocr_line' id='line_1_36' title="bbox 508 2904 2259 2962; baseline -0.001 -17"><span class='ocrx_word' id='word_1_376' title='bbox 508 2908 564 2945; x_wconf 86' lang='lat'><em>11:</em></span> <span class='ocrx_word' id='word_1_377' title='bbox 597 2906 678 2945; x_wconf 65' lang='grc' dir='ltr'><em>οῦδ</em></span> <span class='ocrx_word' id='word_1_378' title='bbox 711 2907 752 2945; x_wconf 77' lang='grc' dir='ltr'><em>αἱ</em></span> <span class='ocrx_word' id='word_1_379' title='bbox 785 2922 888 2953; x_wconf 81' lang='grc' dir='ltr'><em>εςεις</em></span> <span class='ocrx_word' id='word_1_380' title='bbox 916 2904 1008 2945; x_wconf 80' lang='grc' dir='ltr'><em>ουθ’</em></span> <span class='ocrx_word' id='word_1_381' title='bbox 1041 2907 1083 2946; x_wconf 83' lang='grc' dir='ltr'><em>αἱ</em></span> <span class='ocrx_word' id='word_1_382' title='bbox 1117 2908 1190 2946; x_wconf 86' lang='grc' dir='ltr'><em>τοῦ</em></span> <span class='ocrx_word' id='word_1_383' title='bbox 1221 2908 1410 2960; x_wconf 82' lang='grc' dir='ltr'><em>σώματος</em></span> <span class='ocrx_word' id='word_1_384' title='bbox 1439 2906 1531 2946; x_wconf 69' lang='grc' dir='ltr'><em>οὐθ’</em></span> <span class='ocrx_word' id='word_1_385' title='bbox 1566 2907 1607 2946; x_wconf 76' lang='grc' dir='ltr'><em>αἱ</em></span> <span class='ocrx_word' id='word_1_386' title='bbox 1641 2909 1713 2962; x_wconf 78' lang='grc' dir='ltr'><em>τῆς</em></span> <span class='ocrx_word' id='word_1_387' title='bbox 1735 2907 1876 2962; x_wconf 77' lang='grc' dir='ltr'><em>χηῴἧς</em></span> <span class='ocrx_word' id='word_1_388' title='bbox 1907 2906 2136 2953; x_wconf 86' lang='grc' dir='ltr'><em>ἀλλοιώσεις</em></span> <span class='ocrx_word' id='word_1_389' title='bbox 2165 2905 2259 2945; x_wconf 82' lang='grc' dir='ltr'><em>εἰσίν</em></span> 
     </span>
    </p>

    <p class='ocr_par' dir='ltr' id='par_1_17' title="bbox 290 2961 2710 3082">
     <span class='ocr_line' id='line_1_37' title="bbox 507 2961 2710 3021; baseline -0 -15"><span class='ocrx_word' id='word_1_390' title='bbox 507 2966 697 3006; x_wconf 83' lang='lat' dir='ltr'>membro</span> <span class='ocrx_word' id='word_1_391' title='bbox 733 2964 784 3006; x_wconf 93' lang='lat' dir='ltr'><em>A:</em></span> <span class='ocrx_word' id='word_1_392' title='bbox 817 2965 858 3006; x_wconf 79' lang='grc' dir='ltr'><em>αἱ</em></span> <span class='ocrx_word' id='word_1_393' title='bbox 888 2964 963 3019; x_wconf 86' lang='grc' dir='ltr'><em>μὲν</em></span> <span class='ocrx_word' id='word_1_394' title='bbox 997 2965 1077 3021; x_wconf 65' lang='grc' dir='ltr'><em>γὰρ</em></span> <span class='ocrx_word' id='word_1_395' title='bbox 1109 2965 1255 3021; x_wconf 78' lang='grc' dir='ltr'><em>ἀρεταὶ</em></span> <span class='ocrx_word' id='word_1_396' title='bbox 1287 2966 1327 3007; x_wconf 87' lang='grc' dir='ltr'><em>αί</em></span> <span class='ocrx_word' id='word_1_397' title='bbox 1359 2964 1407 3007; x_wconf 79' lang='grc' dir='ltr'><em>δὲ</em></span> <span class='ocrx_word' id='word_1_398' title='bbox 1444 2964 1579 3007; x_wconf 80' lang='grc' dir='ltr'><em>κακίαι</em></span> <span class='ocrx_word' id='word_1_399' title='bbox 1618 2968 1697 3007; x_wconf 84' lang='grc' dir='ltr'><em>τῶν</em></span> <span class='ocrx_word' id='word_1_400' title='bbox 1728 2964 1854 3013; x_wconf 75' lang='grc' dir='ltr'><em>ἕξεων</em></span> <span class='ocrx_word' id='word_1_401' title='bbox 1892 2964 1963 3007; x_wconf 75' lang='grc' dir='ltr'><em>οὐν</em></span> <span class='ocrx_word' id='word_1_402' title='bbox 1996 2961 2078 3006; x_wconf 82' lang='grc' dir='ltr'><em>ἔστι</em></span> <span class='ocrx_word' id='word_1_403' title='bbox 2114 2963 2160 3005; x_wconf 84' lang='grc' dir='ltr'><em>οὲ</em></span> <span class='ocrx_word' id='word_1_404' title='bbox 2199 2978 2297 3005; x_wconf 82' lang='grc' dir='ltr'><em>ουτε</em></span> <span class='ocrx_word' id='word_1_405' title='bbox 2339 2979 2362 3021; x_wconf 82' lang='grc' dir='ltr'><em>η</em></span> <span class='ocrx_word' id='word_1_406' title='bbox 2398 2962 2527 3021; x_wconf 77' lang='grc' dir='ltr'><em>ἀρετὴ</em></span> <span class='ocrx_word' id='word_1_407' title='bbox 2559 2977 2653 3005; x_wconf 80' lang='grc' dir='ltr'><em>ουτε</em></span> <span class='ocrx_word' id='word_1_408' title='bbox 2688 2963 2710 3020; x_wconf 70' lang='grc' dir='ltr'><em>ἡ</em></span> 
     </span>
     <span class='ocr_line' id='line_1_38' title="bbox 290 3021 2437 3082; baseline -0.001 -17"><span class='ocrx_word' id='word_1_409' title='bbox 290 3023 404 3065; x_wconf 85' lang='grc' dir='ltr'><em>κακία</em></span> <span class='ocrx_word' id='word_1_410' title='bbox 438 3023 654 3075; x_wconf 81' lang='grc' dir='ltr'><em>αλλοίωσις,</em></span> <span class='ocrx_word' id='word_1_411' title='bbox 687 3024 768 3065; x_wconf 88' lang='grc' dir='ltr'><em>ἀλλ</em></span> <span class='ocrx_word' id='word_1_412' title='bbox 801 3024 927 3081; x_wconf 78' lang='grc' dir='ltr'><em>ημὲν</em></span> <span class='ocrx_word' id='word_1_413' title='bbox 958 3025 1081 3082; x_wconf 66' lang='grc' dir='ltr'><em>ἀρετ-ὴ</em></span> <span class='ocrx_word' id='word_1_414' title='bbox 1115 3025 1316 3075; x_wconf 85' lang='grc' dir='ltr'><em>τελείωσίς</em></span> <span class='ocrx_word' id='word_1_415' title='bbox 1347 3039 1429 3075; x_wconf 87' lang='grc' dir='ltr'><em>τις.</em></span> <span class='ocrx_word' id='word_1_416' title='bbox 1473 3026 1539 3081; x_wconf 70' lang='grc' dir='ltr'><em>,ἡ</em></span> <span class='ocrx_word' id='word_1_417' title='bbox 1573 3024 1619 3066; x_wconf 81' lang='grc' dir='ltr'><em>ὀὲ</em></span> <span class='ocrx_word' id='word_1_418' title='bbox 1654 3039 1773 3065; x_wconf 85' lang='grc' dir='ltr'><em>κακια</em></span> <span class='ocrx_word' id='word_1_419' title='bbox 1805 3024 1948 3080; x_wconf 77' lang='grc' dir='ltr'><em>φθοοὰ</em></span> <span class='ocrx_word' id='word_1_420' title='bbox 1981 3023 2122 3064; x_wconf 85' lang='grc' dir='ltr'><em>τούτου</em></span> <span class='ocrx_word' id='word_1_421' title='bbox 2156 3024 2223 3063; x_wconf 79' lang='grc' dir='ltr'><em>καὶ</em></span> <span class='ocrx_word' id='word_1_422' title='bbox 2255 3021 2437 3071; x_wconf 83' lang='grc' dir='ltr'><em>ἔκστασις</em></span> 
     </span>
    </p>

    <p class='ocr_par' dir='ltr' id='par_1_18' title="bbox 266 3082 2711 3376">
     <span class='ocr_line' id='line_1_39' title="bbox 504 3082 2711 3139; baseline -0.001 -16"><span class='ocrx_word' id='word_1_423' title='bbox 504 3086 747 3137; x_wconf 83' lang='lat' dir='ltr'>exemplum</span> <span class='ocrx_word' id='word_1_424' title='bbox 780 3088 837 3136; x_wconf 78' lang='lat' dir='ltr'><em>(v</em></span> <span class='ocrx_word' id='word_1_425' title='bbox 869 3086 916 3123; x_wconf 80' lang='lat'><em>17</em></span> <span class='ocrx_word' id='word_1_426' title='bbox 949 3087 991 3124; x_wconf 88' lang='lat' dir='ltr'><em>in</em></span> <span class='ocrx_word' id='word_1_427' title='bbox 1024 3098 1124 3134; x_wconf 80' lang='lat' dir='ltr'><em>(A‚v</em></span> <span class='ocrx_word' id='word_1_428' title='bbox 1096 3087 1214 3124; x_wconf 79' lang='lat' dir='ltr'>v2.5</span> <span class='ocrx_word' id='word_1_429' title='bbox 1238 3086 1279 3124; x_wconf 91' lang='lat' dir='ltr'><em>in</em></span> <span class='ocrx_word' id='word_1_430' title='bbox 1296 3085 1344 3137; x_wconf 77' lang='grc' dir='ltr'><em>β)</em></span> <span class='ocrx_word' id='word_1_431' title='bbox 1377 3085 1514 3139; x_wconf 79' lang='grc' dir='ltr'><em>ὥσπερ</em></span> <span class='ocrx_word' id='word_1_432' title='bbox 1547 3099 1616 3123; x_wconf 92' lang='grc' dir='ltr'><em>ουν</em></span> <span class='ocrx_word' id='word_1_433' title='bbox 1648 3084 1745 3123; x_wconf 77' lang='grc' dir='ltr'><em>οὐοὲ</em></span> <span class='ocrx_word' id='word_1_434' title='bbox 1778 3086 1822 3122; x_wconf 77' lang='grc' dir='ltr'><em>τὸ</em></span> <span class='ocrx_word' id='word_1_435' title='bbox 1855 3086 1923 3136; x_wconf 75' lang='grc' dir='ltr'><em>τῆς</em></span> <span class='ocrx_word' id='word_1_436' title='bbox 1949 3082 2070 3131; x_wconf 89' lang='grc' dir='ltr'><em>οικίας</em></span> <span class='ocrx_word' id='word_1_437' title='bbox 2090 3082 2292 3137; x_wconf 86' lang='grc' dir='ltr'><em>τελείωμα</em></span> <span class='ocrx_word' id='word_1_438' title='bbox 2316 3082 2484 3136; x_wconf 86' lang='grc' dir='ltr'><em>λέγομεν</em></span> <span class='ocrx_word' id='word_1_439' title='bbox 2506 3082 2711 3122; x_wconf 83' lang='grc' dir='ltr'><em>ἀλλοίωσιν</em></span> 
     </span>
     <span class='ocr_line' id='line_1_40' title="bbox 266 3140 2711 3198; baseline -0.002 -14"><span class='ocrx_word' id='word_1_440' title='bbox 266 3142 453 3187; x_wconf 74' lang='grc' dir='ltr'><em>,(ατοπον</em></span> <span class='ocrx_word' id='word_1_441' title='bbox 487 3144 567 3196; x_wconf 82' lang='grc' dir='ltr'><em>γὰρ</em></span> <span class='ocrx_word' id='word_1_442' title='bbox 601 3158 635 3182; x_wconf 90' lang='grc' dir='ltr'><em>ει</em></span> <span class='ocrx_word' id='word_1_443' title='bbox 666 3144 689 3181; x_wconf 79' lang='grc' dir='ltr'><em>ί)</em></span> <span class='ocrx_word' id='word_1_444' title='bbox 722 3139 888 3196; x_wconf 65' lang='grc' dir='ltr'><em>θριγκὸς</em></span> <span class='ocrx_word' id='word_1_445' title='bbox 924 3159 986 3182; x_wconf 84' lang='grc' dir='ltr'><em>και</em></span> <span class='ocrx_word' id='word_1_446' title='bbox 1027 3144 1049 3181; x_wconf 76' lang='grc' dir='ltr'><strong><em>ὁ</em></strong></span> <span class='ocrx_word' id='word_1_447' title='bbox 1089 3143 1265 3197; x_wconf 85' lang='grc' dir='ltr'><em>κέραμος</em></span> <span class='ocrx_word' id='word_1_448' title='bbox 1302 3143 1525 3190; x_wconf 80' lang='grc' dir='ltr'><em>ἀλλοίωσις.</em></span> <span class='ocrx_word' id='word_1_449' title='bbox 1600 3158 1623 3198; x_wconf 87' lang='grc' dir='ltr'><em>η</em></span> <span class='ocrx_word' id='word_1_450' title='bbox 1664 3143 1700 3182; x_wconf 85' lang='grc' dir='ltr'><em>εἷ</em></span> <span class='ocrx_word' id='word_1_451' title='bbox 1745 3140 2014 3197; x_wconf 83' lang='grc' dir='ltr'><em>θριγκουμένη</em></span> <span class='ocrx_word' id='word_1_452' title='bbox 2059 3158 2124 3181; x_wconf 88' lang='grc' dir='ltr'><em>και</em></span> <span class='ocrx_word' id='word_1_453' title='bbox 2166 3140 2446 3196; x_wconf 87' lang='grc' dir='ltr'><em>κεραμουμένη</em></span> <span class='ocrx_word' id='word_1_454' title='bbox 2486 3141 2711 3180; x_wconf 83' lang='grc' dir='ltr'><em>ἀλλοιοῦται</em></span> 
     </span>
     <span class='ocr_line' id='line_1_41' title="bbox 286 3197 2709 3257; baseline -0.001 -15"><span class='ocrx_word' id='word_1_455' title='bbox 286 3201 387 3242; x_wconf 82' lang='grc' dir='ltr'><em>ἀλλὰ</em></span> <span class='ocrx_word' id='word_1_456' title='bbox 418 3200 482 3257; x_wconf 83' lang='grc' dir='ltr'><em>μὴ</em></span> <span class='ocrx_word' id='word_1_457' title='bbox 516 3201 733 3243; x_wconf 83' lang='grc' dir='ltr'><em>τελειοῦται</em></span> <span class='ocrx_word' id='word_1_458' title='bbox 766 3217 788 3257; x_wconf 81' lang='grc' dir='ltr'><em>η</em></span> <span class='ocrx_word' id='word_1_459' title='bbox 822 3201 996 3253; x_wconf 82' lang='grc' dir='ltr'><em>οἱκία)..</em></span> <span class='ocrx_word' id='word_1_460' title='bbox 1013 3232 1023 3241; x_wconf 93' lang='grc'><em>.</em></span> <span class='ocrx_word' id='word_1_461' title='bbox 1086 3209 1283 3255; x_wconf 85' lang='lat' dir='ltr'>apportat</span> <span class='ocrx_word' id='word_1_462' title='bbox 1324 3202 1389 3242; x_wconf 90' lang='lat' dir='ltr'>ille</span> <span class='ocrx_word' id='word_1_463' title='bbox 1431 3208 1470 3242; x_wconf 91' lang='lat' dir='ltr'><em>et</em></span> <span class='ocrx_word' id='word_1_464' title='bbox 1510 3201 1728 3243; x_wconf 86' lang='lat' dir='ltr'>confundit</span> <span class='ocrx_word' id='word_1_465' title='bbox 1770 3214 1864 3242; x_wconf 88' lang='lat' dir='ltr'><em>cum</em></span> <span class='ocrx_word' id='word_1_466' title='bbox 1906 3214 1944 3241; x_wconf 78' lang='lat' dir='ltr'><em>v,</em></span> <span class='ocrx_word' id='word_1_467' title='bbox 1976 3202 2012 3241; x_wconf 88' lang='lat'><em>5.</em></span> <span class='ocrx_word' id='word_1_468' title='bbox 2086 3201 2165 3241; x_wconf 88' lang='lat' dir='ltr'><em>hoc</em></span> <span class='ocrx_word' id='word_1_469' title='bbox 2206 3201 2330 3241; x_wconf 93' lang='lat' dir='ltr'>modo</span> <span class='ocrx_word' id='word_1_470' title='bbox 2368 3201 2410 3240; x_wconf 94' lang='lat' dir='ltr'><em>in</em></span> <span class='ocrx_word' id='word_1_471' title='bbox 2447 3197 2480 3252; x_wconf 83' lang='grc' dir='ltr'>β</span> <span class='ocrx_word' id='word_1_472' title='bbox 2517 3205 2609 3239; x_wconf 89' lang='lat' dir='ltr'>orta</span> <span class='ocrx_word' id='word_1_473' title='bbox 2647 3207 2709 3239; x_wconf 88' lang='lat' dir='ltr'><em>est</em></span> 
     </span>
     <span class='ocr_line' id='line_1_42' title="bbox 287 3257 2710 3333; baseline -0.002 -32"><span class='ocrx_word' id='word_1_474' title='bbox 287 3262 496 3301; x_wconf 85' lang='lat' dir='ltr'>sententia</span> <span class='ocrx_word' id='word_1_475' title='bbox 531 3274 570 3300; x_wconf 88' lang='lat' dir='ltr'><em>v.</em></span> <span class='ocrx_word' id='word_1_476' title='bbox 595 3262 669 3300; x_wconf 82' lang='lat'><em>25:</em></span> <span class='ocrx_word' id='word_1_477' title='bbox 702 3260 746 3300; x_wconf 77' lang='grc' dir='ltr'><em>τι)</em></span> <span class='ocrx_word' id='word_1_478' title='bbox 780 3259 860 3314; x_wconf 77' lang='grc' dir='ltr'><em>γὰρ</em></span> <span class='ocrx_word' id='word_1_479' title='bbox 891 3259 1017 3314; x_wconf 90' lang='grc' dir='ltr'><em>λέγειν</em></span> <span class='ocrx_word' id='word_1_480' title='bbox 1056 3262 1130 3301; x_wconf 77' lang='grc' dir='ltr'><em>τὸν</em></span> <span class='ocrx_word' id='word_1_481' title='bbox 1163 3259 1379 3316; x_wconf 82' lang='grc' dir='ltr'><em>ἄνθρωπον</em></span> <span class='ocrx_word' id='word_1_482' title='bbox 1412 3259 1658 3333; x_wconf 76' lang='grc' dir='ltr'><em>ηλλοιῶσθαι</em></span> <span class='ocrx_word' id='word_1_483' title='bbox 1688 3258 1712 3316; x_wconf 80' lang='grc' dir='ltr'>ἢ</span> <span class='ocrx_word' id='word_1_484' title='bbox 1745 3260 1813 3315; x_wconf 74' lang='grc' dir='ltr'><em>τὶν</em></span> <span class='ocrx_word' id='word_1_485' title='bbox 1844 3259 1971 3299; x_wconf 84' lang='grc' dir='ltr'><em>οἰκίαν</em></span> <span class='ocrx_word' id='word_1_486' title='bbox 2002 3259 2207 3312; x_wconf 77' lang='grc' dir='ltr'><em>λαβοῦσαν</em></span> <span class='ocrx_word' id='word_1_487' title='bbox 2241 3273 2283 3297; x_wconf 89' lang='grc' dir='ltr'><em>τε</em></span> <span class='ocrx_word' id='word_1_488' title='bbox 2274 3258 2353 3306; x_wconf 87' lang='grc' dir='ltr'><em>’λος</em></span> <span class='ocrx_word' id='word_1_489' title='bbox 2384 3257 2612 3311; x_wconf 86' lang='grc' dir='ltr'><em>γέλοιον,εὲ</em></span> <span class='ocrx_word' id='word_1_490' title='bbox 2643 3271 2710 3326; x_wconf 66' lang='grc' dir='ltr'><em>την</em></span> 
     </span>
     <span class='ocr_line' id='line_1_43' title="bbox 287 3315 2710 3392; baseline -0.002 -32"><span class='ocrx_word' id='word_1_491' title='bbox 287 3318 537 3360; x_wconf 75' lang='grc' dir='ltr'><em>τελείωσιν</em></span> <span class='ocrx_word' id='word_1_492' title='bbox 569 3321 639 3374; x_wconf 75' lang='grc' dir='ltr'><em>τῆς</em></span> <span class='ocrx_word' id='word_1_493' title='bbox 670 3318 796 3368; x_wconf 89' lang='grc' dir='ltr'><em>οικίας</em></span> <span class='ocrx_word' id='word_1_494' title='bbox 829 3319 893 3359; x_wconf 80' lang='grc' dir='ltr'><em>τὸν</em></span> <span class='ocrx_word' id='word_1_495' title='bbox 926 3320 1094 3375; x_wconf 82' lang='grc' dir='ltr'><em>θριγκὸν</em></span> <span class='ocrx_word' id='word_1_496' title='bbox 1128 3318 1152 3376; x_wconf 75' lang='grc' dir='ltr'>ἢ</span> <span class='ocrx_word' id='word_1_497' title='bbox 1188 3320 1254 3374; x_wconf 74' lang='grc' dir='ltr'><em>τ-λν</em></span> <span class='ocrx_word' id='word_1_498' title='bbox 1286 3318 1481 3374; x_wconf 88' lang='grc' dir='ltr'><em>κεραμιοα</em></span> <span class='ocrx_word' id='word_1_499' title='bbox 1513 3333 1710 3392; x_wconf 80' lang='grc' dir='ltr'><em>φησομεν</em></span> <span class='ocrx_word' id='word_1_500' title='bbox 1734 3317 1943 3358; x_wconf 86' lang='grc' dir='ltr'><em>ἀλλοίωσιν</em></span> <span class='ocrx_word' id='word_1_501' title='bbox 1974 3333 2073 3359; x_wconf 91' lang='grc' dir='ltr'><em>ειναι</em></span> <span class='ocrx_word' id='word_1_502' title='bbox 2104 3316 2128 3373; x_wconf 81' lang='grc' dir='ltr'>ἢ</span> <span class='ocrx_word' id='word_1_503' title='bbox 2162 3315 2463 3387; x_wconf 86' lang='grc' dir='ltr'><em>θριγκουμένης</em></span> <span class='ocrx_word' id='word_1_504' title='bbox 2490 3318 2560 3373; x_wconf 77' lang='grc' dir='ltr'><em>τῆς</em></span> <span class='ocrx_word' id='word_1_505' title='bbox 2584 3316 2710 3365; x_wconf 81' lang='grc' dir='ltr'><em>οἰκίας</em></span> 
     </span>
    </p>
   </div>
   <div class='ocr_carea' id='block_1_9' title="bbox 290 3377 306 3388">
    <p class='ocr_par' dir='ltr' id='par_1_19' title="bbox 290 3377 306 3388">
     <span class='ocr_line' id='line_1_44' title="bbox 290 3377 306 3388; baseline 0 0"><span class='ocrx_word' id='word_1_506' title='bbox 290 3377 306 3388; x_wconf 58' lang='lat'><em>³!</em></span> 
     </span>
    </p>
   </div>
   <div class='ocr_carea' id='block_1_10' title="bbox 287 3373 2710 3435">
    <p class='ocr_par' dir='ltr' id='par_1_20' title="bbox 287 3373 2710 3435">
     <span class='ocr_line' id='line_1_45' title="bbox 287 3373 2710 3435; baseline -0.001 -18"><span class='ocrx_word' id='word_1_507' title='bbox 287 3392 311 3432; x_wconf 80' lang='grc' dir='ltr'><em>η</em></span> <span class='ocrx_word' id='word_1_508' title='bbox 358 3378 641 3432; x_wconf 77' lang='grc' dir='ltr'><em>κερααιάουμε</em></span> <span class='ocrx_word' id='word_1_509' title='bbox 633 3378 720 3435; x_wconf 86' lang='grc' dir='ltr'><em>’νης</em></span> <span class='ocrx_word' id='word_1_510' title='bbox 771 3379 1033 3419; x_wconf 75' lang='grc' dir='ltr'><em>ἀλλοιοῦσθαι</em></span> <span class='ocrx_word' id='word_1_511' title='bbox 1081 3393 1156 3434; x_wconf 80' lang='grc' dir='ltr'><em>την</em></span> <span class='ocrx_word' id='word_1_512' title='bbox 1210 3378 1347 3417; x_wconf 80' lang='grc' dir='ltr'><em>οἰκίαν.</em></span> <span class='ocrx_word' id='word_1_513' title='bbox 1421 3377 1539 3433; x_wconf 76' lang='grc' dir='ltr'><em>οῆλον</em></span> <span class='ocrx_word' id='word_1_514' title='bbox 1589 3377 1638 3432; x_wconf 72' lang='grc' dir='ltr'><em>οη</em></span> <span class='ocrx_word' id='word_1_515' title='bbox 1683 3378 1743 3416; x_wconf 79' lang='grc' dir='ltr'><em>ὅτι</em></span> <span class='ocrx_word' id='word_1_516' title='bbox 1786 3379 1828 3417; x_wconf 73' lang='grc' dir='ltr'><em>τι)</em></span> <span class='ocrx_word' id='word_1_517' title='bbox 1873 3380 1941 3432; x_wconf 76' lang='grc' dir='ltr'><em>τῆς</em></span> <span class='ocrx_word' id='word_1_518' title='bbox 1985 3377 2237 3423; x_wconf 81' lang='grc' dir='ltr'><em>αλλοιιὺσεως</em></span> <span class='ocrx_word' id='word_1_519' title='bbox 2277 3391 2354 3415; x_wconf 89' lang='grc' dir='ltr'><em>ουκ</em></span> <span class='ocrx_word' id='word_1_520' title='bbox 2395 3373 2503 3416; x_wconf 86' lang='grc' dir='ltr'><em>ἔστιν</em></span> <span class='ocrx_word' id='word_1_521' title='bbox 2542 3375 2584 3415; x_wconf 85' lang='grc' dir='ltr'><em>ἐν</em></span> <span class='ocrx_word' id='word_1_522' title='bbox 2624 3379 2710 3423; x_wconf 81' lang='grc' dir='ltr'><em>τοῖς</em></span> 
     </span>
    </p>
   </div>
   <div class='ocr_carea' id='block_1_11' title="bbox 291 3437 2707 3548">
    <p class='ocr_par' dir='ltr' id='par_1_21' title="bbox 291 3437 2707 3548">
     <span class='ocr_line' id='line_1_46' title="bbox 306 3437 583 3490; baseline 0 -14"><span class='ocrx_word' id='word_1_523' title='bbox 306 3437 583 3490; x_wconf 59' lang='grc' dir='ltr'><em>ἔνθαένί)ίς.</em></span> 
     </span>
     <span class='ocr_line' id='line_1_47' title="bbox 291 3452 2707 3548; baseline -0.001 -13"><span class='ocrx_word' id='word_1_524' title='bbox 291 3452 302 3486; x_wconf 46' lang='lat'>5</span> <span class='ocrx_word' id='word_1_525' title='bbox 503 3497 688 3548; x_wconf 86' lang='lat' dir='ltr'>primum</span> <span class='ocrx_word' id='word_1_526' title='bbox 712 3496 861 3547; x_wconf 86' lang='lat' dir='ltr'>igitur:</span> <span class='ocrx_word' id='word_1_527' title='bbox 887 3494 919 3547; x_wconf 77' lang='grc' dir='ltr'><em>β</em></span> <span class='ocrx_word' id='word_1_528' title='bbox 950 3497 1136 3548; x_wconf 89' lang='lat' dir='ltr'>loquitur</span> <span class='ocrx_word' id='word_1_529' title='bbox 1169 3496 1221 3536; x_wconf 90' lang='lat' dir='ltr'>de</span> <span class='ocrx_word' id='word_1_530' title='bbox 1253 3495 1423 3536; x_wconf 86' lang='lat' dir='ltr'>duabus</span> <span class='ocrx_word' id='word_1_531' title='bbox 1456 3496 1686 3545; x_wconf 88' lang='lat' dir='ltr'>sententiis,</span> <span class='ocrx_word' id='word_1_532' title='bbox 1718 3496 1770 3535; x_wconf 93' lang='lat' dir='ltr'>de</span> <span class='ocrx_word' id='word_1_533' title='bbox 1804 3495 1972 3535; x_wconf 91' lang='lat' dir='ltr'>homine</span> <span class='ocrx_word' id='word_1_534' title='bbox 2003 3500 2043 3535; x_wconf 93' lang='lat' dir='ltr'><em>et</em></span> <span class='ocrx_word' id='word_1_535' title='bbox 2075 3494 2212 3542; x_wconf 78' lang='lat' dir='ltr'>domo,</span> <span class='ocrx_word' id='word_1_536' title='bbox 2235 3494 2309 3534; x_wconf 94' lang='lat' dir='ltr'><em>sed</em></span> <span class='ocrx_word' id='word_1_537' title='bbox 2331 3494 2523 3535; x_wconf 88' lang='lat' dir='ltr'>enucleat</span> <span class='ocrx_word' id='word_1_538' title='bbox 2545 3498 2707 3534; x_wconf 85' lang='lat' dir='ltr'>tantum</span> 
     </span>
    </p>
   </div>
   <div class='ocr_carea' id='block_1_12' title="bbox 288 3553 2708 3668">
    <p class='ocr_par' dir='ltr' id='par_1_22' title="bbox 288 3553 2708 3668">
     <span class='ocr_line' id='line_1_48' title="bbox 288 3553 2708 3606; baseline -0.001 -13"><span class='ocrx_word' id='word_1_539' title='bbox 288 3554 462 3593; x_wconf 84' lang='lat' dir='ltr'>alteram</span> <span class='ocrx_word' id='word_1_540' title='bbox 496 3555 748 3594; x_wconf 89' lang='lat' dir='ltr'>sententiam</span> <span class='ocrx_word' id='word_1_541' title='bbox 781 3565 837 3594; x_wconf 92' lang='lat' dir='ltr'>sc.</span> <span class='ocrx_word' id='word_1_542' title='bbox 861 3555 912 3593; x_wconf 87' lang='lat' dir='ltr'>de</span> <span class='ocrx_word' id='word_1_543' title='bbox 944 3555 1080 3593; x_wconf 92' lang='lat' dir='ltr'>domo.</span> <span class='ocrx_word' id='word_1_544' title='bbox 1143 3555 1293 3594; x_wconf 92' lang='lat' dir='ltr'>deinde</span> <span class='ocrx_word' id='word_1_545' title='bbox 1326 3553 1526 3595; x_wconf 80' lang='grc' dir='ltr'><em>τελείωσιν</em></span> <span class='ocrx_word' id='word_1_546' title='bbox 1558 3557 1599 3594; x_wconf 88' lang='lat' dir='ltr'><em>in</em></span> <span class='ocrx_word' id='word_1_547' title='bbox 1633 3567 1724 3594; x_wconf 88' lang='lat' dir='ltr'><em>eam</em></span> <span class='ocrx_word' id='word_1_548' title='bbox 1758 3554 2173 3606; x_wconf 86' lang='lat' dir='ltr'>argumentationem</span> <span class='ocrx_word' id='word_1_549' title='bbox 2212 3553 2422 3601; x_wconf 83' lang='lat' dir='ltr'>transfert,</span> <span class='ocrx_word' id='word_1_550' title='bbox 2460 3555 2503 3592; x_wconf 90' lang='lat' dir='ltr'><em>in</em></span> <span class='ocrx_word' id='word_1_551' title='bbox 2535 3565 2622 3606; x_wconf 92' lang='lat' dir='ltr'><em>qua</em></span> <span class='ocrx_word' id='word_1_552' title='bbox 2656 3553 2708 3591; x_wconf 88' lang='lat' dir='ltr'>de</span> 
     </span>
     <span class='ocr_line' id='line_1_49' title="bbox 288 3613 1072 3668; baseline 0.001 -17"><span class='ocrx_word' id='word_1_553' title='bbox 288 3616 514 3662; x_wconf 86' lang='lat' dir='ltr'>contrario,</span> <span class='ocrx_word' id='word_1_554' title='bbox 548 3614 636 3668; x_wconf 78' lang='grc' dir='ltr'><em>περὶ</em></span> <span class='ocrx_word' id='word_1_555' title='bbox 671 3613 884 3664; x_wconf 84' lang='grc' dir='ltr'><em>γενέσεως.</em></span> <span class='ocrx_word' id='word_1_556' title='bbox 918 3615 1072 3665; x_wconf 85' lang='lat' dir='ltr'>agitur.</span> 
     </span>
    </p>
   </div>
  </div>
 </body>
</html>
