3005 4009
1327 249 1607 290 -17-

267 408 469 446 omissam
510 418 619 452 esse,
661 406 719 444 ita
749 405 900 456 opinor
940 405 982 445 in
1027 404 1185 456 gemini
1221 404 1477 456 exemplaris
1514 408 1668 444 natura
1708 404 1893 455 positum
1935 402 2080 452 fuisse,
2117 407 2163 442 ut
2193 407 2391 443 neutrum
2429 402 2671 454 exemplum

264 476 411 504 veram
444 468 637 503 servaret
668 463 929 506 sententiam.

476 521 514 565 3.
548 521 811 562 Enumerare
842 532 927 561 non
957 532 1068 573 opus
1098 525 1174 569 est,
1205 525 1309 574 quot
1340 521 1441 562 locis
1472 521 1609 561 forma
1639 534 1666 560 α
1697 520 1953 572 exemplaris
1985 532 2015 560 x
2044 520 2157 561 dicta
2179 520 2430 568 servaverit,
2451 531 2564 572 quae
2585 531 2670 559 non

263 582 541 622 inveniuntur
571 581 614 621 in
639 578 682 632 β.
743 580 848 622 tales
879 580 995 621 locos
1025 592 1172 621 omnes
1204 580 1340 633 primo
1371 580 1497 633 quasi
1527 586 1703 633 aspectu
1739 580 1822 632 ipsi
1855 579 2073 627 videbunt,
2113 585 2153 619 et
2189 580 2274 619 iam
2313 579 2552 631 complures
2592 578 2673 620 hoc

263 640 470 692 opusculo
503 640 806 691 cognovimus;
836 640 1020 690 gravius
1050 644 1191 680 autem
1223 640 1317 690 hoc,
1349 645 1395 679 ut
1425 639 1658 687 ostendam,
1690 639 1848 691 quibus
1879 639 1983 678 locis
2016 639 2198 690 vestigia
2234 638 2384 678 saltem
2414 638 2671 690 exemplaris

263 699 426 751 reliqua
458 699 542 738 sint
572 699 616 737 in
647 697 756 737 libro
784 695 830 749 β,
861 710 972 750 quae
1002 697 1162 737 frustra
1193 698 1388 750 requiras
1419 698 1461 737 in
1493 698 1688 749 exemplo
1719 710 1758 736 α.
1819 698 1942 736 cuius
1978 698 2150 747 generis
2186 696 2298 736 duos
2336 697 2453 737 locos
2482 697 2670 744 afferam,

262 759 341 798 etsi
372 757 478 797 alter
508 756 680 809 quidem
710 756 957 796 obstructus
986 762 1053 797 est
1082 756 1404 797 difficultatibus
1433 756 1606 796 minime
1637 755 1933 797 mediocribus.

475 828 514 867 p.
540 816 719 856 244·25
752 816 794 855 in
824 813 858 867 ,Β
886 816 1086 867 legimus:

476 873 577 914 ἀλλὰ
602 873 686 930 μὴν
716 872 814 915 οὐδὲ
845 875 913 915 τοῦ
943 871 1228 928 ἀλλοιουμένου
1258 888 1322 915 ιαι
1352 874 1421 914 τοῦ
1452 873 1701 944 α’λλοιοῦντος
1728 871 1850 913 οὐδέν
1879 872 1963 914 ἐστι
1990 871 2155 944 μεταξύ.
2218 873 2340 913 τοῦτο
2380 870 2430 913 δὲ
2470 870 2590 927 δῆλον
2627 871 2672 913 ἐι

263 934 332 987 τῆς
359 932 588 987 ἀπαγωγῆς.
650 931 692 973 ἐν
721 931 848 974 ἅπασι
880 932 958 988 γὰρ
996 931 1209 987 συμβαίνει
1248 931 1336 986 ἅμα
1374 930 1472 973 εἶναι
1511 933 1554 973 τὸ
1591 932 1773 973 ἀλλοιοῦν
1809 929 1981 1003 ἔσχατον
2020 932 2083 972 καὶ
2115 932 2159 971 τὴ
2191 933 2352 986 πρῶτον
2383 930 2669 985 ἀλλοιούμενον.

263 993 307 1032 τὸ
340 991 419 1047 γὰρ
449 992 564 1031 ποιον
594 990 817 1033 ἀλλοιοῦται
847 992 906 1047 τῷ
942 990 1139 1047 αἰσθητὸν
1168 990 1281 1036 εἶναι,
1314 990 1489 1047 αἰσθητὰ
1520 990 1579 1031 3'
1559 1005 1664 1031 εστιν
1693 989 1755 1039 οἷς
1784 989 2028 1058 διαφέρουσι
2054 990 2102 1030 τὰ
2142 990 2313 1044 σώματα
2352 989 2540 1046 ἀλλήλων.
2583 989 2668 1030 οἷον

261 1049 453 1107 βαρύτης,
501 1050 705 1107 κουφότης,
751 1049 986 1107 σκληρότης.
1024 1048 1267 1106 μαλακότης,
1313 1049 1457 1106 ψόφος,
1499 1050 1671 1117 ἀψοφξα,
1716 1049 1913 1105 λευκότης,
1952 1048 2186 1120 μελανότης,
2233 1048 2431 1119 γλυκύτης,
2475 1047 2669 1104 πικρότης.

263 1108 443 1165 ὑγρότης,
476 1108 654 1165 ξηρότης,
687 1108 889 1165 πυκνότης.
919 1108 1100 1165 μανότης
1127 1109 1193 1149 καὶ
1224 1108 1272 1149 τὰ
1301 1108 1453 1163 μεταξὺ
1483 1108 1643 1154 τούτων,
1676 1107 1825 1180 ὁμοίιος
1851 1107 1900 1148 δὲ
1932 1108 1997 1148 καὶ
2030 1108 2079 1148 τὰ
2111 1106 2212 1150 ἄλλα
2243 1108 2291 1148 τὰ
2322 1107 2397 1148 ὑπὸ
2429 1107 2501 1156 τὰς
2527 1106 2669 1162 αἰσθή·

262 1183 354 1239 quc,
386 1167 446 1208 ὧν
476 1167 558 1208 ἐστὶ
590 1168 655 1208 καὶ
687 1167 711 1223 ἢ
743 1166 951 1224 θερμότης
978 1168 1041 1208 καὶ
1068 1183 1092 1222 η
1115 1166 1326 1234 ψυχρότης
1352 1168 1416 1209 καὶ
1447 1168 1471 1223 ἣ
1501 1167 1652 1224 λειότης
1679 1167 1742 1209 καὶ
1775 1164 1800 1223 ἡ
1833 1166 2038 1224 τραχύτης.
2074 1168 2200 1208 ταῦτα
2232 1166 2311 1222 γάρ
2340 1165 2429 1208 ἐστι
2458 1164 2573 1223 πάθη
2603 1168 2673 1222 τῆς

265 1225 531 1284 ὑποκειμένης
558 1225 774 1283 ποιότητος.
837 1239 1020 1281 quorum
1059 1227 1197 1281 prima
1231 1234 1359 1281 atque
1396 1228 1543 1270 ultima
1582 1228 1716 1269 verba
1752 1228 1793 1269 in
1826 1242 1853 1268 α
1890 1238 2062 1280 quoque
2099 1227 2378 1268 inveniuntur
2408 1226 2501 1280 (sed
2533 1227 2672 1280 prima

264 1288 460 1328 breviore
501 1288 650 1335 forma,
688 1287 803 1339 quod
843 1287 948 1327 nihil
989 1287 1043 1326 ad
1087 1286 1205 1339 rem).
1275 1288 1350 1327 sed
1387 1293 1484 1340 post
1515 1288 1764 1328 sententiam
1797 1286 1838 1327 ἐν
1868 1286 1991 1326 ἅπασι
2023 1285 2101 1341 γὰρ
2132 1284 2346 1340 συμβαίνει
2377 1285 2467 1339 ἅμα
2498 1284 2596 1327 εἶναι
2626 1286 2670 1326 τὸ

262 1343 431 1404 ἔσχατον
462 1345 643 1386 ἀλλοιοῦν
675 1345 737 1385 καὶ
770 1346 813 1385 τὸ
844 1347 1007 1400 πρῶτον
1039 1344 1318 1400 ἀλλοιούμενον
1348 1347 1614 1387 manifestam
1645 1358 1741 1386 esse
1771 1346 1968 1386 lacunam
1991 1345 2178 1397 Spengel
2208 1345 2362 1392 docuit,
2392 1357 2530 1398 neque
2557 1345 2669 1385 enim

262 1407 491 1459 quicquam
523 1405 606 1445 nisi
639 1416 768 1444 voces
801 1403 878 1443 ὑπὸ
910 1406 992 1444 τῶν
1022 1402 1247 1460 εἰρημένων
1277 1405 1474 1457 reliquae.
1546 1405 1651 1445 haec
1680 1405 1833 1446 lacuna
1863 1410 2005 1445 autem
2036 1404 2199 1456 expleri
2230 1410 2377 1456 potest.
2427 1416 2527 1444 nam
2559 1403 2669 1444 Sim-

263 1465 414 1516 plicius
455 1465 671 1515 integrum
713 1463 860 1503 habuit
902 1469 1064 1503 textum
1105 1478 1145 1512 α,
1189 1470 1234 1503 ut
1275 1463 1459 1516 Spengel
1502 1477 1541 1515 p.
1573 1464 1654 1503 331
1700 1464 1910 1515 probavit.
1981 1475 2108 1515 quem
2153 1469 2325 1503 secutus
2365 1476 2420 1503 ex
2466 1462 2669 1515 Simplicii

263 1522 574 1563 commentariis
605 1528 646 1562 et
677 1521 962 1562 additamento
994 1522 1112 1562 alteri
1134 1523 1293 1562 formae
1314 1534 1392 1562 sex
1414 1522 1533 1562 codd.
1550 1522 1754 1563 adiuncto
1776 1522 1921 1563 Prantl
1944 1522 2045 1562 mihi
2067 1522 2265 1561 lacunam
2294 1527 2405 1562 recte
2425 1521 2669 1574 explevisse

264 1581 443 1626 videtur,
476 1592 571 1621 cum
604 1580 790 1633 scripsit:
827 1578 1072 1634 ,(ὑπόκειται
1104 1579 1182 1635 γὰρ
1213 1580 1305 1637 ἡμῖν
1336 1593 1384 1620 το
1406 1579 1454 1620 τὰ
1476 1579 1740 1634 ἀλλοιούμενα
1767 1580 1867 1621 κατὰ
1889 1580 1966 1628 τὰς
1984 1578 2211 1636 παθητικὰς
2230 1578 2445 1633 λεγομένας
2463 1579 2672 1636 ποιότητας

262 1639 468 1711 πασχοντα
499 1638 761 1680 ἀλλοιουσθαι
774 1639 801 1692 ·)
833 1653 877 1679 το
911 1638 989 1710 γὰρ
1026 1638 1139 1680 ποιὸν
1176 1638 1401 1681 ἀλλοιοῦται
1439 1639 1496 1694 τῷ
1537 1638 1736 1696 αἰσθητον
1777 1637 1887 1683 εἶναι,
1928 1638 2101 1710 αἰσθητὰ
2142 1637 2201 1678 δ”
2183 1637 2297 1684 εστίν,
2339 1637 2401 1687 οἷς
2437 1637 2670 1694 διαφέρουσι

262 1698 309 1739 τὰ
342 1699 509 1753 σώματα
540 1698 739 1755 ἀλληλων·
770 1698 895 1752 (απαν
929 1698 1009 1754 γὰρ
1039 1701 1156 1752 σῶμα
1197 1699 1387 1754 σώματος
1424 1697 1609 1755 διαφέρει
1649 1701 1728 1747 τοῖς
1765 1693 2020 1755 αισθητοῖς“
2001 1713 2026 1755 η
2058 1695 2232 1739 πλείοσιν
2263 1694 2288 1755 ἣ
2321 1697 2522 1740 ἐλάττοσιν
2554 1695 2579 1755 ἢ
2611 1699 2669 1753 τῷ

259 1757 408 1806 μᾶλλον
441 1757 508 1799 καὶ
541 1756 657 1813 ἧττον
687 1760 768 1807 τοῖς
803 1757 962 1807 αὐτοῖς·
1003 1758 1103 1799 αλλὰ
1140 1773 1227 1814 μην
1268 1758 1331 1799 καὶ
1371 1758 1594 1799 ἀλλοιοῦται
1632 1758 1677 1798 τὸ
1718 1757 2058 1812 ἀλλοιούμενον)“.
2121 1759 2232 1798 hanc
2261 1758 2316 1798 ad
2346 1758 2668 1810 explicationem

264 1818 344 1857 hoc
376 1829 507 1857 unum
541 1817 673 1857 valet:
705 1818 749 1857 in
780 1831 807 1857 α
828 1828 914 1857 non
937 1817 1075 1869 posita
1095 1816 1268 1858 ruerunt
1289 1817 1484 1869 exempla
1504 1815 1568 1865 οἷς
1587 1815 1815 1872 ὃαφέρουσι
1836 1830 1884 1856 τα
1906 1816 2077 1869 σώματα
2098 1815 2275 1871 α’λληλων
2295 1815 2430 1869 (quod
2451 1817 2669 1868 ignoravit

261 1877 388 1924 Ense,
420 1876 494 1928 qui
530 1888 791 1928 quamquam
828 1877 872 1915 in
919 1876 1168 1915 universum
1211 1876 1358 1916 eodem
1399 1876 1486 1916 fere
1528 1876 1653 1916 modo
1694 1876 2012 1916 resarciendum
2053 1888 2148 1915 esse
2189 1887 2276 1928 quo
2318 1875 2461 1916 Prantl
2504 1877 2669 1916 censuit

261 1941 401 1974 tamen
432 1934 574 1973 omnia
603 1934 800 1986 exempla
831 1946 942 1986 quae
972 1935 1108 1974 forma
1138 1932 1172 1985 β
1201 1934 1438 1974 offeruntur
1474 1935 1671 1986 exemplo
1701 1949 1729 1974 a
1765 1933 1957 1987 addidit).
2018 1946 2119 1974 nam
2150 1934 2393 1986 Simplicius
2430 1935 2508 1974 etsi
2547 1935 2668 1974 affert

262 1990 517 2046 θερμότητες,
554 1990 817 2047 ψυχρότητες,
850 1989 1088 2047 ξηρότητες,
1120 1990 1349 2047 ὑγρότητες,
1384 1991 1630 2059 γλυκύτητες,
1662 1991 1908 2046 πικρότητες,
1948 1993 2054 2032 haec
2089 1998 2230 2032 tamen
2268 2004 2354 2031 non
2393 1994 2575 2061 sumpsit
2611 2006 2667 2032 ex

259 2050 367 2090 libro
399 2064 438 2098 α,
469 2049 544 2089 sed
576 2062 631 2089 ex
662 2056 844 2101 categor.
868 2050 980 2099 VIII,
1012 2056 1058 2090 ut
1089 2050 1284 2102 equidem
1317 2056 1430 2102 puto.
1482 2063 1582 2090 nam
1612 2052 1705 2120 ipse
1735 2050 1835 2091 dicit
1866 2064 1905 2102 p.
1933 2051 2056 2097 1057,
2060 2050 2136 2090 56:
2168 2048 2278 2098 εἶδος
2307 2048 2355 2090 δὲ
2386 2048 2593 2106 ποιότητος
2621 2049 2666 2090 ἐν

265 2106 535 2163 Κατηγορίαις
562 2107 606 2148 τὸ
638 2106 737 2148 κατὰ
768 2107 845 2157 τὰς
872 2107 1099 2165 παθητικὰς
1127 2106 1344 2180 ποιότητας
1371 2105 1567 2163 ἔγνωμεν,
1598 2107 1795 2164 τέταρτον
1828 2110 1941 2149 τοῦτο
1967 2108 2077 2162 μετὰ
2109 2108 2178 2164 τὴν
2207 2107 2291 2154 ἕξιν
2322 2108 2388 2148 ιαί
2416 2108 2483 2164 τὴν
2504 2107 2667 2163 δύναμιν

260 2167 323 2207 καὶ
355 2167 398 2207 τι)
429 2168 579 2223 σχῆμα.
642 2166 857 2222 παθητικαί
889 2166 936 2207 δὲ
967 2165 1173 2223 ποιότητές
1200 2167 1310 2213 εἰσιν,
1342 2166 1402 2207 ὧν
1433 2167 1457 2223 ἢ
1498 2166 1703 2223 ἀντᾶηψις
1739 2167 1805 2208 δια
1847 2167 2004 2215 πάθους
2040 2166 2187 2219 γίνεται
2226 2169 2311 2215 τοῖς
2344 2166 2665 2220 αἰσθανομένοις,

260 2224 344 2265 οἶαί
364 2225 486 2265 εἰσιν.
504 2254 513 2264 .
530 2256 539 2265 .
601 2223 802 2281 ξηρότητα
823 2230 963 2265 autem
986 2232 1026 2265 et
1057 2224 1256 2281 ὑγρότητα
1286 2238 1397 2279 quae
1429 2237 1515 2266 non
1545 2227 1748 2278 leguntur
1779 2228 1821 2266 in
1854 2227 2079 2278 categoriis
2111 2228 2203 2278 ipse
2224 2226 2467 2278 Simplicius
2493 2226 2665 2275 addidit,

261 2298 371 2338 quas
401 2296 709 2337 saepenumero
740 2285 914 2337 legisset
944 2287 987 2325 in
1020 2285 1258 2326 Aristotelis
1289 2286 1383 2326 aliis
1415 2286 1544 2325 libris.
1573 2286 1722 2326 —illa
1752 2286 1884 2338 igitur
1914 2286 2110 2338 exempla
2141 2287 2185 2326 in
2216 2286 2323 2326 libro
2353 2300 2382 2324 α
2413 2286 2551 2338 posita
2582 2297 2666 2325 non

260 2349 393 2392 erant,
430 2344 505 2383 sed
546 2343 671 2383 valde
707 2345 769 2383 eis
806 2356 916 2396 opus
953 2340 1026 2384 est.
1088 2357 1227 2396 neque
1257 2345 1370 2385 enim
1402 2345 1487 2384 ullo
1519 2351 1686 2396 praeter
1724 2345 1839 2385 hunc
1874 2345 1966 2385 loco
2007 2345 2089 2385 nisi
2126 2345 2196 2385 illo
2229 2351 2418 2396 ‘categon
2450 2346 2586 2396 capite
2623 2346 2664 2385 in

260 2403 504 2455 philosophi
534 2402 653 2443 libris
685 2404 829 2454 agitur
860 2403 912 2443 de
943 2401 1188 2459 παθητικαῖς
1214 2401 1438 2458 ποιότησιν,
1470 2409 1510 2443 et
1540 2410 1690 2445 auctor
1720 2404 1880 2444 formae
1912 2418 1952 2452 α,
1979 2404 2015 2444 si
2038 2404 2209 2456 cognita
2232 2403 2451 2445 habuisset
2472 2404 2666 2456 exempla

259 2462 341 2510 illa,
373 2468 486 2503 certo
516 2462 669 2513 opinor
700 2462 951 2514 scripsisset.
993 2474 1079 2502 non
1110 2469 1213 2514 puto
1244 2463 1398 2511 omnia,
1430 2474 1541 2515 quae
1569 2460 1602 2514 β
1629 2462 1775 2503 laudat
1805 2462 2101 2514 duodeviginti
2133 2463 2329 2515 exempla
2359 2463 2553 2515 primitus
2586 2463 2666 2503 hoc

259 2521 350 2561 loco
381 2520 513 2561 fuisse
545 2521 682 2573 posita
714 2544 770 2549 —
801 2521 917 2574 quod
949 2527 1162 2574 repugnat
1200 2522 1354 2562 usitato
1391 2521 1557 2562 dicendi
1594 2521 1742 2574 generi
1780 2522 1894 2574 quod
1933 2527 2020 2562 tum
2061 2522 2233 2574 quidem
2272 2522 2406 2563 valuit
2438 2543 2492 2549 —
2525 2528 2665 2563 tamen

261 2580 476 2626 nonnulla.
508 2586 549 2620 et
580 2580 724 2632 quivis
756 2581 1057 2632 peripateticus
1094 2581 1189 2629 alia,
1221 2592 1331 2633 quae
1367 2580 1595 2633 dispersim
1631 2581 1793 2632 legerat
1830 2582 1873 2620 in
1906 2581 2144 2620 Aristotelis
2180 2581 2312 2636 libris,
2349 2581 2587 2632 collegerat,
2620 2588 2665 2620 ut

260 2639 431 2690 plenum
459 2639 634 2678 haberet
658 2640 1006 2679 collectaneorum
1034 2639 1243 2679 dictorum
1265 2640 1527 2687 thesaurum,
1556 2640 1739 2691 margini
1760 2639 2058 2691 adscripserat.
2103 2641 2270 2680 omnia
2295 2652 2389 2680 esse
2416 2640 2666 2691 interpolata

259 2697 352 2737 aliis
383 2710 438 2736 ex
468 2697 571 2737 locis
602 2710 768 2749 negem,
799 2697 914 2749 quod
946 2698 1027 2738 hoc
1057 2709 1229 2752 quoque
1259 2698 1351 2738 loco
1382 2698 1487 2738 liber
1516 2696 1550 2749 β
1578 2698 1754 2738 dubium
1786 2709 1871 2738 non
1908 2703 1973 2739 est
2008 2698 2112 2750 quin
2150 2698 2280 2740 sontis
2312 2698 2445 2739 verba
2481 2704 2595 2739 recta
2625 2703 2667 2739 et

261 2756 385 2809 plena
417 2767 502 2796 non
534 2757 787 2806 servaverit,
819 2757 932 2797 notio
963 2757 1074 2797 enim
1111 2754 1358 2814 ,παθητικοὶ
1388 2755 1627 2813 ποιότητες“
1669 2759 1712 2798 in
1743 2755 1776 2809 β
1804 2757 1930 2810 plane
1960 2757 2089 2798 deest.
2151 2757 2365 2811 quomodo
2401 2763 2541 2798 autem
2575 2757 2666 2798 fieri

259 2816 449 2868 potuisse
488 2823 624 2868 putes,
666 2821 711 2855 ut
752 2828 848 2855 cum
889 2816 1056 2856 deesset
1096 2817 1222 2864 noti0‚
1264 2817 1447 2857 notionis
1487 2817 1682 2869 exempla
1723 2818 2051 2869 colligerentur?
2122 2817 2277 2857 dixerit
2314 2818 2411 2869 quis
2448 2817 2667 2858 Themistii

259 2875 394 2923 dictiS,
426 2886 536 2926 quae
567 2875 750 2925 legimus
781 2887 819 2926 p.
849 2875 990 2923 205,1‚
1021 2875 1216 2915 concludi
1253 2881 1394 2915 tamen
1432 2887 1560 2927 posse
1591 2877 1825 2928 compluria
1856 2876 2051 2928 exempla
2088 2877 2131 2916 in
2163 2891 2190 2915 α
2222 2878 2360 2928 posita
2390 2876 2535 2924 fuisse,
2566 2889 2665 2917 nam

259 2934 358 2972 dicit
388 2934 477 2973 ille:
517 2932 771 2976 ..mambrae
801 2931 847 2972 δὲ
879 2932 926 2973 τὰ
958 2932 1132 2989 αἰσθητὰ
1165 2933 1228 2973 καὶ
1259 2933 1335 2973 ὑπὸ
1366 2932 1598 2990 αἰσθητῶν,
1631 2933 1810 2989 αἰσθητὰ
1841 2933 1891 2974 ὃέ
1920 2933 2027 2974 ἐστιν
2060 2935 2203 2980 ταῦτα,
2234 2934 2295 2983 οἷς
2325 2933 2507 2989 διαφέρει
2545 2937 2665 2988 σῶμα

258 2991 461 3044 σώματος,
492 2990 691 3047 βαρύτης,
723 2990 928 3047 κουφότης
955 2991 1022 3032 καὶ
1060 2991 1284 3048 θερμότης,
1321 2991 1530 3049 φυχρότης
1563 2993 1626 3032 καὶ
1668 2992 1721 3032 τὰ
1752 2992 1988 3049 σύστοιχα“,
2023 2994 2101 3033 sed
2142 2993 2345 3047 Simplicii
2386 2994 2498 3034 dicta
2535 2995 2664 3033 multo

260 3050 355 3101 plus
389 3050 543 3099 valent,
583 3052 658 3103 qui
698 3050 824 3103 plane
864 3062 949 3090 non
991 3052 1186 3091 habuerit
1227 3052 1434 3104 exempla,
1474 3060 1514 3091 et
1554 3057 1657 3104 puto
1690 3053 1966 3092 Themistium
2009 3053 2089 3092 hoc
2129 3064 2214 3093 uno
2245 3054 2349 3101 loco,
2380 3054 2482 3105 quia
2515 3053 2665 3092 viderit

259 3108 367 3150 libro
399 3122 426 3148 α
458 3119 542 3148 non
574 3109 679 3149 satis
708 3109 913 3162 explicari
944 3111 1247 3150 sententiarum
1281 3111 1382 3160 vim,
1412 3111 1650 3163 sumpsisse
1686 3111 1882 3163 exempla
1912 3124 1967 3151 ex
1997 3109 2031 3162 β
2060 3117 2102 3151 et
2134 3113 2358 3163 utriusque
2392 3114 2563 3163 generis
2595 3111 2664 3150 illa

258 3167 357 3216 duc,
388 3179 498 3237 quae
530 3168 669 3219 priore
700 3174 740 3207 et
771 3169 901 3208 altero
933 3169 1024 3208 loco
1057 3168 1210 3208 habeat
1240 3166 1960 3224 ss(244b16:ssap„10050„b18
1993 3167 2142 3222 ὁμοίιος
2180 3169 2227 3210 δὲ
2268 3169 2330 3209 καὶ
2378 3169 2426 3208 τὰ
2471 3167 2569 3209 ἄλλα
2610 3167 2661 3207 τὰ

259 3225 335 3266 ὑπο
367 3225 440 3275 τὰς
469 3225 693 3283 αἰσθησεις,
724 3224 783 3267 ὧν
816 3225 905 3267 ἐστὶ
937 3226 1007 3268 καὶ
1037 3225 1214 3283 η.θερμ
1245 3242 1308 3267 και
1338 3227 1363 3283 ἢ
1393 3226 1556 3284 ψυχρ.).
1617 3228 1728 3269 idem
1761 3230 1874 3269 valet
1905 3229 1958 3268 de
1989 3228 2224 3282 Philopono
2255 3242 2294 3282 p.
2322 3229 2467 3277 8762:
2517 3225 2663 3267 οὔκουν

259 3283 394 3333 ξένον,
426 3298 459 3326 ει
491 3284 556 3325 καὶ
587 3284 768 3341 ἀψοφίαν
799 3285 843 3328 ἐν
875 3288 959 3335 τοῖς
988 3284 1197 3343 αἰσθητοῖς
1224 3284 1429 3353 κατηρίθμ
1396 3300 1509 3344 μησε
1539 3287 1587 3344 τῇ
1618 3287 1726 3354 ἀκοῇ
1759 3286 2012 3344 κρινομένην,
2044 3287 2187 3355 ὥσπερ
2218 3288 2284 3329 καὶ
2315 3288 2388 3328 τὸν
2420 3286 2568 3343 ψόφον.

472 3357 509 3396 p.
528 3343 677 3383 24603
702 3357 793 3397 sqq.
811 3346 1014 3385 docemur
1034 3347 1247 3385 notionem
1269 3347 1440 3385 virtutis
1463 3348 1777 3420 comparatione
1798 3353 1961 3387 tantum
1984 3349 2132 3399 quaeri
2154 3359 2293 3400 posse,
2316 3359 2400 3386 non
2410 3348 2664 3417 simpliciter

259 3416 335 3457 per
363 3416 409 3445 se
436 3404 668 3445 aestimari:
699 3400 755 3446 ἔτι
785 3402 832 3445 δὲ
864 3402 931 3446 καί
947 3419 1086 3476 φαμεν
1117 3403 1274 3454 ὁπόσας
1301 3402 1406 3447 εἷναι
1436 3404 1513 3455 τὰς
1543 3404 1696 3461 ἀρετας
1722 3405 1767 3447 ἐν
1799 3405 1856 3462 τῷ
1887 3405 1989 3462 πρός
2017 3420 2052 3448 τι
2082 3408 2167 3456 πῶς
2194 3403 2324 3464 ἔχειν.
2375 3405 2447 3455 τὰς
2471 3419 2550 3460 μεν
2585 3404 2664 3462 γὰρ

260 3464 330 3503 τοῦ
361 3463 559 3532 σώματος,
592 3462 678 3503 οἷον
710 3462 861 3516 ὑγίειαν
893 3463 959 3503 καὶ
989 3463 1165 3511 εὐεξίαν,
1197 3464 1241 3505 ἐν
1273 3464 1413 3519 κράσει
1443 3464 1509 3504 καὶ
1539 3465 1766 3522 συμμετρίᾳ
1794 3464 1967 3537 θερμῶν
1989 3466 2052 3505 καὶ
2074 3466 2247 3534 ψυχρῶν
2270 3465 2447 3519 τίθεμεν,
2477 3462 2501 3520 ἢ
2528 3465 2664 3505 αὐτῶν

257 3536 362 3577 προς
388 3521 492 3562 αὑτὰ
523 3523 609 3562 τῶν
641 3521 760 3570 ἐντὸς
794 3538 820 3593 η
858 3523 964 3577 πρὸς
999 3537 1043 3563 το
1081 3521 1295 3579 περιέχον·
1309 3521 1456 3594 ὁμοίιος
1494 3522 1542 3563 δὲ
1583 3524 1652 3564 καὶ
1689 3525 1733 3565 τὸ
1770 3524 1910 3573 κάλλος
1949 3525 2012 3565 καὶ
2053 3525 2127 3580 τὴν
2168 3523 2287 3581 ἰσχυν
2328 3524 2395 3565 καὶ
2439 3538 2511 3572 τας
2544 3522 2668 3571 ἄλλας

258 3580 407 3636 ἀρετὰς
435 3579 500 3620 καὶ
532 3578 678 3630 κακίας.
739 3580 896 3638 ἑκάστη
932 3580 1063 3637 γάρ
1046 3580 1135 3622 ἐστι
1172 3582 1229 3636 τῷ
1265 3580 1367 3637 πρός
1410 3596 1445 3622 τι
1485 3583 1568 3631 πῶς
1605 3579 1723 3639 ἔχειν,
1766 3598 1831 3623 και
1874 3583 1964 3638 περὶ
1996 3582 2044 3623 τὰ
2076 3583 2202 3624 οἰκεῖα
2241 3581 2353 3639 πάθη
2383 3580 2429 3624 εὖ
2468 3579 2495 3638 ἢ
2532 3584 2666 3631 κακῶς
