3005 4009
1363 275 1641 319 -15-

294 431 407 471 hanc
437 432 617 471 eandem
652 433 739 470 vim
772 442 900 484 posse
931 431 1109 470 subesse
1142 431 1241 470 huic
1273 431 1379 470 voci.
1422 431 1534 479 Quid
1567 436 1707 470 autem
1741 432 1822 471 hac
1852 431 1905 471 de
1935 431 2095 471 formae
2122 445 2149 471 α
2178 432 2289 471 dicto
2316 437 2381 471 est
2407 431 2710 472 iudicandum?

295 501 381 529 non
414 489 593 529 multum
627 490 872 529 offensionis
904 489 1078 541 praebet
1110 490 1166 536 id,
1199 490 1312 541 quod
1347 501 1477 529 voces
1508 491 1579 544 τῆς
1608 490 1678 529 τοῦ
1708 488 1919 543 ἑλκομένου
1949 490 2104 530 desunt
2135 492 2178 530 in
2209 505 2248 538 α,
2275 503 2387 543 quas
2413 491 2596 543 legimus
2623 489 2713 542 ἰηβ

293 548 387 589 iure
419 549 612 601 scriptas.
645 548 772 588 valde
802 553 943 588 autem
976 558 1054 588 nos
1086 548 1259 588 offendit
1292 548 1399 588 mira
1431 548 1597 588 dicendi
1630 549 1735 588 ratio
1767 550 1838 604 τῆς
1866 548 2129 606 χωριζούσης
2159 549 2225 590 ἀπ’
2257 548 2436 606 ἀλλήλων
2468 548 2517 590 τὰ
2538 551 2710 606 συνεχῆ.

294 618 419 648 nemo
450 615 514 648 est
546 609 650 661 quin
681 609 799 657 sciat,
830 607 933 660 quid
967 608 1047 647 hoc
1083 607 1175 648 loco
1212 608 1423 659 significet
1461 607 1638 657 dictum;
1676 608 1784 648 idem
1824 614 1888 648 est
1925 619 1975 648 ac
2016 609 2097 664 ,τῆς
2130 607 2352 665 ἑλκούσης.
2419 608 2494 649 sed
2533 621 2621 662 qua
2657 608 2710 649 de

296 678 427 706 causa
460 677 543 706 non
578 667 657 706 hoo
690 667 869 718 simplex
905 666 1084 705 verbum
1116 667 1322 718 scriptum
1355 667 1447 705 est?
1495 668 1684 718 suspicio
1714 668 1840 706 etiam
1881 672 2078 718 augetur,
2117 679 2212 707 cum
2246 668 2361 707 nullo
2392 668 2475 707 alio
2505 668 2711 708 librorum

299 725 404 775 loco,
435 725 593 778 quibus
626 725 678 765 de
710 730 823 765 motu
857 725 1012 776 agitur,
1045 724 1157 765 hanc
1187 733 1335 765 vocem
1368 725 1574 777 legamus.

512 785 724 832 Formam,
755 795 883 836 quam
916 783 1099 835 legimus
1131 784 1173 823 in
1204 781 1247 835 β,
1278 785 1337 823 ita
1369 791 1508 823 verto:
1540 784 1618 823 das
1651 784 1798 824 ziehen
1831 785 1885 824 ist
1915 785 2008 824 eine
2030 785 2272 836 bewegung
2298 784 2512 825 entweder
2544 797 2596 825 zu
2619 785 2710 826 sich

299 843 403 883 oder
434 856 488 883 zu
519 844 654 883 einem
687 843 873 882 anderen
907 843 993 889 hin,
1028 854 1152 882 wenn
1184 842 1251 882 die
1283 842 1529 895 bewegung
1561 843 1637 882 des
1668 843 1913 891 ziehenden,
1950 843 2017 883 die
2055 844 2145 883 sich
2178 843 2293 883 nicht
2325 849 2466 883 tremit
2498 856 2583 883 von
2615 844 2709 883 dem

297 913 558 953 gezogenen,
595 902 805 941 schneller
842 903 895 941 ist
932 901 994 940 als
1037 901 1104 941 die
1143 901 1218 940 des
1257 901 1538 952 gezogenen1,
1578 902 1664 940 vel:
1708 902 1775 940 die
1812 912 1861 941 so
1898 902 2018 941 stark
2049 903 2115 949 ist,
2155 902 2258 941 dass
2290 904 2351 942 sie
2383 902 2461 942 das
2493 915 2711 954 gezogene

297 961 478 1001 sesthiilt.
545 972 912 1012 supervacaneam
950 960 1122 1000 omnino
1159 972 1254 1000 esse
1292 960 1542 999 sententiam
1578 959 1641 1015 μὴ
1676 957 1945 1017 χωριζομένη
1984 965 2172 1012 apparet.
2240 970 2339 1000 nam
2378 966 2424 1001 ut
2460 966 2622 1001 taceam
2660 961 2713 1001 de

298 1019 464 1060 dicendi
496 1018 634 1068 mod0,
666 1020 739 1072 qui
771 1029 855 1058 non
888 1019 1025 1059 solum
1058 1029 1212 1071 parum
1244 1024 1397 1059 acutus
1417 1024 1494 1067 est,
1515 1019 1592 1058 sed
1614 1030 1749 1072 paene
1770 1019 1993 1068 obscurus,
2023 1019 2091 1059 vel
2114 1020 2250 1072 primo
2272 1019 2422 1059 obtutu
2444 1020 2712 1060 manifestum

296 1084 360 1118 est
393 1079 503 1118 hanc
535 1079 785 1117 sententiam
818 1090 902 1117 non
935 1083 1046 1117 recte
1078 1078 1258 1129 positam
1292 1089 1387 1117 esse
1418 1078 1460 1117 in
1494 1077 1818 1118 definitionis
1850 1078 1952 1118 1000.
2020 1077 2174 1130 quodsi
2212 1078 2445 1118 omittimus
2482 1079 2592 1118 duas
2633 1079 2712 1118 has

301 1147 441 1186 voces,
475 1136 682 1177 habemus
705 1148 798 1176 eam
821 1137 1086 1186 sententiam,
1110 1149 1240 1190 quam
1263 1146 1392 1176 unam
1414 1142 1717 1189 exspectamus
1740 1137 1819 1176 hoc
1840 1137 1943 1185 1000,
1966 1148 2076 1189 quae
2098 1136 2202 1189 quin
2223 1137 2361 1189 primo
2390 1142 2430 1177 et
2451 1138 2493 1177 in
2515 1151 2542 1176 α
2563 1142 2603 1177 et
2625 1137 2667 1177 in
2681 1134 2714 1189 ,Β

295 1196 454 1249 scripta
485 1195 622 1244 suerit,
654 1206 739 1234 non
772 1200 908 1248 potest
940 1194 1118 1235 dubium
1151 1207 1259 1244 esse,
1291 1218 1345 1224 —
1385 1196 1509 1234 ouius
1550 1196 1716 1248 species
1754 1195 1933 1234 fortasse
1972 1195 2076 1234 haec
2113 1195 2209 1239 suit:
2254 1192 2384 1244 ..ἕλξις
2424 1193 2450 1252 η
2487 1195 2555 1235 ἀπ’
2594 1193 2713 1235 ἄλλου

295 1254 397 1310 πρὸς
423 1253 527 1294 αὐτὸ
560 1251 585 1310 ἢ
618 1254 723 1309 πρὸς
751 1252 847 1294 ἄλλο
881 1251 1038 1310 κίνησις,
1080 1254 1180 1294 ὅταν
1219 1254 1376 1294 θάττων
1412 1250 1439 1310 ᾖ
1475 1255 1500 1310 ἡ
1539 1255 1690 1310 κίνησις
1726 1255 1751 1310 {y
1789 1255 1858 1294 τοῦ
1896 1253 2074 1302 ἕλκοντος
2108 1256 2178 1309 τῆς
2213 1256 2283 1295 τοῦ
2320 1253 2574 1309 ἑλκομένου“.
2635 1256 2712 1295 sed

299 1314 525 1366 quomodo,
556 1325 731 1366 quaeso,
765 1325 893 1353 voces
919 1312 1111 1370 χωρίζειν
1140 1319 1181 1353 et
1211 1312 1466 1370 χωρίζεσθαι
1498 1314 1613 1354 hunc
1644 1315 1688 1354 in
1711 1314 2014 1354 sententiarum
2044 1313 2236 1353 ordinem
2259 1315 2576 1366 pervenerunt?
2628 1325 2713 1354 non

296 1383 381 1412 una
413 1372 549 1412 solum
585 1373 655 1412 illa
687 1373 820 1411 finitio
854 1372 934 1412 hoc
965 1373 1056 1413 loco
1088 1373 1285 1424 primitus
1317 1373 1449 1412 fuisse
1484 1372 1654 1412 videtur
1685 1373 1834 1425 posita,
1866 1372 1941 1412 sed
1973 1372 2056 1412 alia
2087 1378 2307 1424 praeterea
2338 1374 2563 1421 sententia;
2601 1385 2712 1426 quae

296 1430 435 1484 qualis
467 1430 606 1477 fuerit,
637 1431 919 1484 inquiramus.
983 1431 1165 1483 probare
1197 1430 1289 1471 vult
1321 1431 1623 1483 philosophus:
1656 1431 1701 1470 τὸ
1734 1433 1897 1485 πρῶτον
1929 1429 2258 1485 κινοῦν...ἁ’μα
2290 1430 2348 1485 τῷ
2379 1429 2599 1486 κινουμένῳ
2629 1429 2715 1471 ἐστί

295 1490 492 1542 (243’3).
531 1490 687 1529 dicitur
724 1495 865 1529 autem
903 1490 951 1528 τὸ
991 1488 1097 1543 ἅμα,
1135 1489 1195 1529 ὅτι
1233 1488 1355 1529 οὐδέν
1392 1488 1496 1529 ἐστιν
1532 1488 1670 1529 αὐτῶν
1705 1489 1872 1543 μεταξύ.
1942 1490 2134 1542 quaestio
2174 1490 2408 1529 instituitur
2444 1491 2628 1542 primum
2661 1490 2713 1529 de

298 1554 414 1587 motu
446 1548 582 1594 locali,
614 1560 665 1587 ac
696 1554 923 1600 postquam
956 1548 1123 1588 locutus
1154 1554 1218 1587 est
1250 1549 1534 1600 philosophus
1566 1548 1619 1587 de
1651 1549 1788 1600 primo
1822 1549 1949 1587 huius
1981 1555 2121 1587 motus
2151 1560 2309 1600 genere
2341 1550 2504 1598 (eorum
2536 1547 2617 1589 ίῖσα
2647 1547 2701 1603 ὑφ

294 1604 431 1646 αὐτῶν
463 1608 654 1654 κινεῖται),
694 1607 850 1659 colligit
883 1607 1081 1647 243214:
1113 1605 1215 1646 ὥστ’
1251 1604 1372 1647 οὐδέν
1412 1604 1516 1647 ἐστιν
1557 1604 1798 1660 ἀναμεταξύ.
1868 1612 1957 1646 tum
1999 1605 2047 1646 τὰ
2085 1604 2212 1661 ἕτερα
2252 1603 2341 1663 εἴδη
2379 1607 2449 1662 τῆς
2486 1604 2713 1647 ὑπ’.α“’λλου

296 1667 434 1722 φορᾶς
467 1672 716 1716 tractantur,
748 1672 787 1706 et
819 1666 976 1718 colligit
1009 1663 1178 1706 244b1:
1215 1666 1396 1721 φανερὸν
1426 1665 1485 1707 ὅτι
1518 1666 1589 1706 τοῦ
1621 1665 1721 1706 κατὰ
1754 1664 1874 1706 τόπον
1904 1664 2137 1720 κινουμένου
2167 1665 2233 1706 καὶ
2264 1666 2460 1715 κινοῦντος
2490 1664 2609 1707 οὐδέν
2629 1665 2715 1706 ἐστι

289 1724 454 1779 μεταξύ.
518 1727 659 1765 statim
699 1728 856 1778 pergit:
895 1725 994 1765 ἀλλὰ
1030 1725 1118 1782 μὴν
1153 1724 1252 1765 οὐδὲ
1295 1727 1363 1765 τοῦ
1408 1724 1686 1779 ἀλλοιουμένου
1723 1725 1789 1765 καὶ
1830 1726 1898 1765 τοῦ
1939 1724 2199 1774 ἀλλοιοῦντος.
2242 1736 2328 1779 quo
2372 1732 2513 1765 motus
2555 1737 2714 1777 genere

294 1786 525 1836 explanato
558 1796 711 1823 rursus
745 1792 981 1824 commonet
1013 1786 1184 1824 24524:
1227 1784 1291 1824 ὅτι
1322 1784 1411 1837 ἅμα
1442 1784 1531 1824 ἐστι
1562 1784 1606 1823 τὸ
1637 1781 1807 1840 ἔσχατον
1837 1783 2021 1823 ἀλλοιοῦν
2052 1784 2114 1823 καὶ
2146 1784 2195 1823 τὸ
2227 1786 2391 1838 πρῶτον
2422 1783 2713 1837 ἀλλοιούμενον,

297 1843 413 1895 quod
445 1843 594 1895 paucis
635 1843 833 1883 versibus
874 1848 971 1895 post
1013 1844 1230 1896 repetitur,
1272 1849 1312 1883 et
1352 1844 1394 1883 in
1438 1856 1527 1895 cap.
1570 1843 1654 1882 fine
1695 1842 1836 1883 denuo
1879 1841 2002 1883 nobis
2044 1854 2094 1883 ea
2134 1843 2342 1883 sententia
2381 1842 2424 1883 in
2467 1843 2713 1884 memoriam

296 1907 535 1941 revocatur.
598 1912 704 1952 ergo
736 1900 958 1941 manifesto
989 1902 1030 1941 id
1064 1904 1287 1954 proposuit
1318 1902 1399 1941 sibi
1431 1902 1727 1954 philosophus,
1767 1907 1811 1940 ut
1848 1902 1891 1941 in
1929 1901 2094 1940 animos
2132 1908 2303 1941 nostros
2334 1901 2565 1941 inculcaret
2604 1902 2714 1941 hanc

295 1961 560 2008 sententiam,
592 1966 720 2012 atque
751 1972 900 2000 omnes
932 1966 1047 2012 puto,
1079 1960 1153 2012 qui
1185 1960 1334 2011 legunt
1366 1965 1494 2012 caput
1526 1961 1565 2008 2,
1597 1960 1840 1999 desiderare
1878 1960 2002 2011 plane
2039 1959 2211 2007 dictum,
2248 1958 2365 2012 quod
2402 1966 2461 1999 tot
2499 1960 2582 1998 iam
2620 1960 2714 1999 aliis

294 2018 397 2057 locis
431 2019 637 2069 scriptum
670 2019 937 2065 invenerant,
969 2019 1061 2066 hoc,
1092 2029 1179 2070 quo
1212 2018 1338 2057 valde
1370 2029 1481 2069 opus
1513 2019 1578 2065 sit,
1609 2017 1711 2056 loco.
1774 2018 1916 2069 itaque
1957 2016 2047 2070 ἅμα
2084 2016 2171 2056 ἐστὶ
2212 2017 2256 2056 τὸ
2297 2015 2408 2056 ἕλκον
2439 2016 2501 2056 καὶ
2533 2017 2577 2055 τὸ
2608 2015 2713 2056 ἑλκό-

290 2089 416 2129 μενον
449 2077 530 2116 hoc
561 2077 652 2115 loco
683 2081 995 2128 exspectamus.
1058 2076 1272 2128 quomodo
1303 2083 1445 2115 autem
1476 2076 1578 2114 oriri
1610 2081 1804 2127 poterant
1842 2075 1922 2115 hoc
1952 2086 2005 2115 ex
2038 2075 2147 2115 dicto
2180 2076 2411 2115 sententiae
2442 2073 2636 2132 χωρίζειν
2674 2081 2714 2115 et

295 2133 591 2190 χωρίζεσθαιῬ
665 2145 793 2174 unam
837 2135 1054 2184 rationem,
1096 2147 1208 2187 quae
1247 2135 1381 2186 accipi
1425 2135 1595 2174 videtur
1635 2146 1774 2186 posse,
1818 2135 2002 2186 repperit
2043 2135 2264 2179 Dielesius.
2305 2146 2401 2174 cum
2444 2134 2607 2173 videret
2648 2134 2713 2173 his

295 2194 516 2233 sententiis
549 2189 574 2247 ἡ
605 2192 843 2248 χωρίζουσα
875 2199 915 2232 et
943 2192 1003 2247 μὴ
1029 2191 1287 2248 χωρίζομένη
1322 2193 1424 2232 nihil
1457 2193 1572 2232 aliud
1605 2192 1784 2231 subesse
1817 2193 1907 2231 veri
1929 2193 2009 2232 nisi
2033 2205 2160 2232 unam
2188 2192 2479 2232 Aristoteleam
2503 2193 2714 2232 notionem

293 2251 354 2307 μὴ
385 2250 523 2307 χωρὶς
554 2239 671 2295 οὖσα,
705 2252 818 2304 quod
851 2251 961 2291 idem
994 2252 1209 2304 significat
1246 2257 1375 2304 atque
1406 2250 1497 2305 ἅμα
1527 2247 1659 2291 οὖσαῖ.
1723 2251 1803 2290 hoc
1834 2250 1876 2290 in
1908 2251 2139 2303 exemplari
2177 2251 2246 2291 illo
2279 2263 2307 2291 x
2339 2251 2544 2304 scriptum
2584 2250 2715 2290 fuisse

298 2311 481 2359 videtur,
519 2311 594 2351 sed
633 2311 687 2351 ab
725 2311 949 2363 utriusque
985 2311 1169 2363 exempli
1209 2311 1458 2351 auctoribus
1500 2316 1674 2363 propter
1715 2309 2002 2349 difficultatem
2040 2311 2223 2350 notionis
2260 2321 2345 2350 non
2384 2309 2523 2350 solum
2560 2321 2713 2363 parum

297 2376 409 2410 recte
441 2370 695 2409 intellectum
727 2375 802 2418 est,
835 2370 909 2409 sed
941 2371 1070 2409 etiam
1103 2371 1161 2409 ita
1192 2369 1476 2422 depravatum
1510 2371 1736 2421 utrimque,
1768 2375 1813 2408 ut
1846 2380 1942 2408 cum
1972 2368 2109 2425 χωρὶς
2139 2370 2363 2409 cohaereat
2394 2381 2491 2408 cum
2513 2367 2714 2425 χωρίζειν,

297 2429 422 2481 quasi
456 2429 675 2468 clariorem
708 2429 832 2468 aliam
867 2429 994 2468 huius
1036 2429 1158 2468 verbi
1189 2429 1369 2468 formam
1409 2428 1728 2477 substituerent,
1767 2428 1834 2467 oui
1875 2428 2057 2479 scriptor
2097 2442 2124 2467 a
2161 2428 2405 2468 addendum
2449 2440 2544 2467 esse
2582 2434 2714 2476 ratus,

298 2500 385 2541 quo
417 2494 658 2540 appareret,
690 2488 793 2540 quid
824 2488 878 2526 sit
908 2486 1153 2544 χωρίζεται,
1185 2487 1381 2526 adiunxit
1413 2486 1479 2526 ἀπ’
1512 2485 1693 2542 ἀλλήλων
1726 2486 1775 2525 τὰ
1807 2487 1968 2542 συνεχῆ.

512 2547 601 2586 Iam
643 2546 773 2586 alium
813 2546 951 2586 locum
992 2547 1182 2594 afferam,
1225 2557 1310 2599 quo
1352 2552 1547 2586 neutram
1592 2546 1877 2586 recensionem
1918 2557 2119 2586 servasse
2157 2551 2313 2586 rectam
2352 2545 2572 2586 lectionem
2613 2545 2715 2585 mihi

297 2605 506 2658 persuasi.
568 2605 752 2657 legimus
789 2617 828 2657 p.
858 2602 1007 2646 247b9
1048 2606 1092 2646 in
1129 2618 1174 2645 a:
1215 2604 1239 2660 ἢ
1273 2603 1308 2644 δ’
1347 2603 1397 2650 ἐξ
1432 2604 1571 2662 ἀρχῆς
1606 2603 1724 2660 λῆψις
1759 2605 1830 2660 τῆς
1858 2602 2071 2660 ἐπιστήμης
2100 2601 2248 2656 γένεσις
2277 2603 2354 2645 οὐκ
2382 2601 2512 2645 ἔστιν·
2545 2603 2603 2659 τῷ
2635 2603 2714 2659 γὰρ

295 2663 497 2720 ἠρεμῆσαι
530 2663 596 2703 καὶ
629 2666 770 2719 στῆναι
802 2663 869 2719 τὴν
900 2662 1080 2704 διάνοιαν
1111 2662 1360 2704 ἐπίστασθαι
1392 2663 1458 2703 καὶ
1490 2665 1657 2718 φρονεῖν
1687 2662 1871 2717 λέγομεν,
1904 2662 1963 2711 εἷς
1990 2661 2039 2702 δὲ
2071 2663 2116 2702 τι)
2146 2662 2314 2719 ἠρεμεῖν
2344 2661 2419 2703 οὐκ
2440 2661 2527 2703 ἔστι
2550 2661 2713 2715 γένεσις.

296 2723 403 2770 ὅλως
432 2722 511 2777 γὰρ
542 2721 735 2776 οὐδεμιᾶς
760 2722 991 2778 μεταβολῆς
1021 2723 1112 2773 (sed
1146 2721 1316 2776 οὐδεμία
1342 2721 1548 2777 μεταβολὴ
1582 2722 1617 2761 H
1637 2723 1695 2762 Ie
1713 2722 1768 2770 h).
1823 2723 1866 2761 in
1891 2720 1924 2773 β
1956 2723 2034 2761 hoc
2066 2723 2272 2774 scriptum
2304 2723 2508 2774 legimus:
2538 2722 2562 2777 ῆ
2595 2720 2641 2761 δὲ
2672 2720 2721 2767 ἐξ

297 2782 432 2839 ἀρχῆς
461 2781 581 2837 λῆψις
612 2783 687 2836 τῆς
717 2780 940 2838 ἐπιστήμης
967 2781 1039 2823 οὐκ
1068 2778 1154 2823 ἔστι
1187 2780 1337 2835 γένεσις
1366 2780 1454 2822 οὐδ’
1487 2780 1708 2829 ἀλλοίωσις.
1753 2780 1815 2834 τῷ
1848 2779 1926 2834 γὰρ
1957 2779 2230 2837 ἠρεμίζεσθαι
2261 2780 2326 2821 καὶ
2356 2779 2626 2822 καθίστασθαι
2647 2780 2716 2835 τὴν

297 2840 435 2897 ψυχὴν
467 2838 693 2896 ἐπιστήμων
727 2839 875 2892 γίνεται
907 2841 970 2882 καὶ
1001 2839 1213 2896 φρόνιμος.
1256 2841 1464 2881 sententia
1495 2839 1599 2888 ὅλως
1629 2839 1708 2895 γὰρ
1738 2838 1939 2894 οὐδεμιᾶς
1966 2838 2217 2896 μεταβολῆς,
2242 2845 2286 2881 ut
2310 2841 2522 2890 videmus,
2543 2842 2715 2880 omnino

299 2901 342 2939 in
368 2898 402 2952 β
433 2900 562 2940 deest.
625 2899 866 2952 Simplicius
899 2908 1039 2941 autem
1072 2901 1192 2953 legit:
1226 2898 1421 2952 γενέσεως
1452 2899 1530 2955 γὰρ
1562 2898 1740 2953 οὐδεμία
1769 2897 1983 2954 μεταβολή.

513 2958 624 2998 duas
656 2971 760 3010 ergo
795 2960 999 2999 habemus
1032 2961 1272 3007 sententias,
1306 2971 1489 3012 quarum
1512 2965 1706 2999 neutram
1735 2970 1832 2998 esse
1854 2963 2010 2998 rectam
2033 2958 2152 2998 facile
2174 2958 2409 3008 intellegas,
2432 2969 2529 2997 cum
2552 2957 2714 2997 Aristo-

299 3018 402 3058 teles
435 3018 527 3069 ipse
559 3018 582 3057 l.
606 3018 655 3066 E,
688 3029 721 3057 c.
748 3019 772 3056 2
806 3030 843 3069 p.
868 3017 1046 3058 225b15
1080 3019 1246 3067 dixerit,
1276 3018 1381 3071 quid
1415 3019 1495 3058 hac
1526 3018 1578 3057 de
1610 3029 1655 3057 re
1686 3018 1903 3065 indicaret,
1934 3016 1992 3056 ὅτι
2022 3015 2098 3055 οὐκ
2127 3013 2215 3055 ἔστι
2246 3015 2436 3072 κινήσεως
2454 3014 2599 3071 κίνησις
2616 3014 2716 3055 οὐδὲ

299 3075 498 3128 γενέσεως
530 3075 682 3127 γένεσις
710 3074 810 3115 οὐδὲ
840 3076 943 3126 ὅλως
968 3075 1175 3131 μεταβολὴ
1204 3074 1447 3132 μεταβολῆς.
1508 3088 1619 3128 quae
1650 3076 1859 3115 sententia
1891 3075 1992 3114 mihi
2023 3075 2078 3114 ad
2111 3075 2226 3114 hunc
2257 3086 2429 3127 quoque
2459 3076 2597 3115 locum
2629 3085 2715 3113 non
2789 3091 2794 3096 ·

297 3136 424 3175 modo
457 3143 558 3187 apta
589 3136 851 3175 conveniens
884 3136 1066 3184 videtur,
1097 3136 1174 3175 sed
1206 3136 1331 3188 plane
1365 3135 1618 3174 necessaria.
1680 3146 1819 3186 neque
1850 3140 1989 3173 tamen
2022 3145 2169 3173 veram
2201 3134 2418 3173 lectionem
2452 3134 2646 3173 servavit
2677 3148 2715 3181 α,

296 3200 336 3234 et
367 3192 401 3247 β
430 3195 556 3247 plane
602 3194 743 3233 omisit
788 3195 956 3234 dictum.
1028 3200 1157 3247 atque
1195 3199 1242 3233 ut
1283 3204 1395 3245 nego
1439 3205 1559 3233 casu
1601 3193 1815 3233 eandem
1859 3194 2109 3232 sententiam
2151 3193 2194 3232 in
2239 3207 2265 3232 α
2309 3196 2566 3244 corruptam,
2609 3192 2652 3231 in
2682 3190 2716 3243 β

515 3323 527 3343 ¹
554 3323 703 3356 formae
726 3323 755 3364 β
779 3323 926 3357 dictum
952 3334 1031 3358 non
1057 3332 1139 3358 una
1163 3326 1318 3357 tantum
1345 3322 1416 3357 sed
1443 3322 1600 3356 duabus
1634 3324 1762 3365 potest
1796 3321 1965 3365 intelligi
1995 3320 2234 3355 rationibus:
2269 3323 2337 3355 aut
2370 3319 2434 3361 ita,
2469 3322 2513 3355 ut
2546 3322 2634 3365 post
2671 3321 2714 3365 ,ἡ

299 3373 362 3403 τοῦ
387 3369 569 3409 ἕλκοντος·
595 3369 732 3404 eadem
757 3370 879 3404 verba
905 3375 989 3417 ,τῆς
1012 3374 1076 3405 τοῦ
1101 3370 1309 3412 ἑλκομένου·
1339 3369 1459 3404 simul
1485 3368 1685 3403 audienda
1709 3368 1801 3411 sint,
1836 3378 1937 3414 quae
1970 3371 2060 3411 post
2090 3368 2334 3413 ,χωριζομένη“
2367 3370 2612 3412 sequuntur;
2648 3371 2716 3402 aut

300 3419 364 3460 ita,
390 3421 434 3453 ut
463 3422 549 3463 ..τῆς
572 3421 635 3452 τοῦ
661 3418 865 3460 ἑλκομένου··
897 3423 933 3453 et
959 3418 1129 3463 pendeat
1155 3429 1178 3454 a
1204 3419 1366 3460 ,ήίαίττωνι
1392 3416 1539 3462 (specie
1565 3420 1692 3461 genet.
1712 3415 2030 3463 comparationis)
2057 3419 2094 3451 et
2120 3426 2143 3451 a
2165 3416 2387 3463 χωριζομένη
2414 3415 2559 3460 (specie
2586 3417 2714 3461 genet.

300 3465 589 3509 separationis).
641 3466 859 3499 sententiae
885 3466 946 3500 vis
971 3469 1104 3500 manet
1129 3466 1278 3500 eadem.

516 3524 530 3545 ¹
555 3523 656 3557 hanc
681 3523 945 3558 coniecturam
972 3523 1101 3558 adhuc
1126 3518 1205 3558 non
1232 3522 1377 3558 editam
1403 3527 1447 3559 ut
1472 3524 1577 3559 foras
1602 3523 1705 3565 dem,
1732 3523 1929 3558 Dielesius
1955 3522 2052 3557 mihi
2080 3521 2251 3567 benique
2278 3522 2467 3566 permisit.
2498 3540 2539 3547 -—
2569 3521 2617 3556 cf.
2638 3520 2716 3557 Me-

299 3570 494 3616 taphysic.
514 3570 553 3605 Z.
574 3570 628 3610 15,
659 3569 848 3605 1040215:
888 3571 919 3604 εἰ
943 3571 983 3605 δέ
1008 3582 1061 3611 τις
1084 3571 1173 3618 φαίη
1196 3571 1307 3618 μηδὲν
1332 3572 1474 3606 κωλύειν
1497 3571 1610 3619 χωρὶς
1632 3572 1697 3614 μὲν
1722 3571 1834 3605 πάντα
1861 3570 2010 3612 πολλοῖς,
2035 3569 2110 3613 ἅμα
2136 3570 2176 3604 δὲ
2199 3570 2295 3616 μόνῳ
2319 3570 2434 3616 τούτῳ
2461 3570 2641 3617 ὑπάρχειν,
2658 3595 2665 3603 .
2681 3596 2689 3603 .
2706 3596 2713 3604 .

302 3619 446 3663 Bouitz,
475 3618 561 3654 Ind.
582 3619 699 3653 Arist.
718 3618 856 3654 36b59.
