3005 4009
1364 278 1641 319 -23-

295 435 358 474 eis
381 435 494 474 valet
515 434 630 486 quod
653 433 787 474 Shute
803 434 1028 474 salsissime
1044 433 1260 474 iudicabat
1280 432 1333 473 de
1354 432 1485 485 Phys.
1504 432 1552 475 H.
1586 433 1701 476 ..The
1722 437 1805 472 two
1827 438 1941 473 texts
1957 464 1966 473 .
1983 464 1992 473 .
2010 464 2019 473 .
2048 433 2161 473 have
2184 445 2294 485 verg
2313 433 2446 485 slight
2467 433 2702 478 differenoe.

299 493 389 533 The
421 493 642 546 questions
673 497 715 532 to
747 492 799 532 be
830 492 1053 533 discussed
1084 491 1171 532 and
1201 491 1273 531 the
1302 490 1449 544 proofs
1479 503 1553 531 are
1582 490 1779 531 identical
1809 491 1895 531 and
1917 492 1988 531 the
2009 491 2135 531 order
2156 492 2192 531 is
2214 492 2286 532 the
2303 504 2435 532 same.
2481 492 2572 532 The
2593 492 2709 533 chief

296 552 465 603 change
495 551 727 591 noticeable
757 553 795 591 is
825 552 870 591 in
901 552 972 591 the
1002 552 1145 591 letters
1176 550 1305 590 taken
1334 562 1383 589 as
1415 550 1610 603 symbols
1638 550 1705 589 for
1734 550 2013 591 illustration··
2050 548 2185 603 (quod
2216 550 2272 590 ad
2302 551 2327 594 l.
2354 551 2407 591 de
2436 552 2579 591 anima
2616 563 2703 591 non

295 610 488 662 pertinet,
504 609 580 650 sed
599 609 758 659 videas,
775 609 988 663 quomodo
1004 609 1072 650 ille
1092 620 1266 662 operam
1288 608 1448 649 dederit
1468 607 1786 663 interpretando
1807 608 1831 648 l.
1854 607 1927 661 Hi)
1956 609 2149 661 „though
2169 609 2290 649 there
2310 620 2417 649 runs
2437 609 2704 662 throughout

296 681 322 708 a
352 668 485 721 slight
516 668 740 709 difference
770 670 814 709 in
845 669 917 709 the
947 669 1280 721 phraseology“,
1310 672 1349 707 et
1388 667 1455 707 his
1492 679 1548 707 ex
1587 668 1738 722 parvis
1775 668 1904 707 rebus
1942 680 2028 707 non
2066 668 2260 708 concludi
2297 674 2479 721 possunt
2515 669 2703 708 rationes

294 734 380 768 tam
411 740 585 781 graves,
617 728 766 781 quales
796 728 1059 768 Torstrikius
1090 732 1129 767 et
1162 727 1351 767 Biehlius
1380 733 1422 767 et
1450 726 1522 766 alii
1554 728 1792 768 voluerunt.

508 788 849 839 Distinguamus*
866 788 998 840 igitur
1028 792 1068 827 et
1099 788 1209 827 inter
1238 786 1383 835 libros,
1416 786 1490 840 qui
1521 786 1814 840 compluribus
1845 786 2091 826 ferebantur
2129 786 2197 827 vel
2233 786 2429 827 feruntur
2464 786 2623 837 formis,
2659 792 2701 827 et

294 847 402 887 inter
419 847 615 897 rationeS,
632 847 789 900 quibus
807 847 959 887 horum
976 847 1019 887 in
1036 846 1240 887 librorum
1258 845 1522 898 explicandis
1538 845 1685 887 formis
1702 845 1907 886 utendum
1925 845 1988 889 sit.
2010 857 2165 886 nomen
2185 844 2392 898 ..duplicis
2415 847 2695 887 recensionis··

294 912 359 946 est
401 906 524 955 idem,
569 919 637 946 res
678 912 779 946 sunt
833 906 950 950 aliae,
1023 912 1064 946 et
1104 905 1265 958 singuli
1301 905 1409 955 libri,
1446 906 1521 958 qui
1558 910 1730 946 exstant
1767 905 1848 945 hac
1886 905 2039 958 specie,
2071 905 2318 957 singulatim
2350 906 2557 945 tractandi
2588 911 2699 946 sunt.

295 965 529 1017 permultae
560 965 722 1017 orginis
754 965 939 1004 rationes
971 965 1071 1017 poni
1099 968 1292 1017 possunt,
1322 976 1373 1004 ac
1403 976 1456 1004 ne
1486 964 1540 1004 de
1562 964 1799 1004 Aristotelis
1830 964 2002 1017 quidem
2033 965 2094 1004 eis
2125 964 2246 1003 libris
2275 964 2487 1013 omnibus,
2517 976 2700 1017 quorum

296 1023 504 1063 habemus
536 1024 776 1076 complures
807 1024 1075 1063 recensiones
1107 1022 1177 1062 vel
1207 1022 1378 1071 formas,
1409 1034 1497 1062 una
1527 1028 1655 1076 atque
1686 1022 1834 1063 eadem
1867 1023 2024 1062 valebit
2056 1022 2174 1066 ratio,
2236 1022 2379 1062 adhuc
2409 1023 2618 1075 permulta
2649 1023 2700 1062 de

297 1083 363 1122 his
409 1082 525 1123 velut
568 1082 621 1123 de
663 1082 843 1135 politicis
883 1083 926 1123 in
967 1082 1152 1123 tenebris
1194 1082 1342 1125 iacent.
1409 1081 1447 1122 si
1484 1081 1755 1135 quorundam
1804 1082 1919 1122 viam
1957 1094 2247 1135 sequeremur,
2294 1081 2416 1122 brevi
2459 1082 2609 1135 opinor
2651 1093 2701 1122 eo

296 1142 633 1194 perveniremuS,
656 1147 701 1182 ut
728 1146 768 1182 et
789 1140 842 1181 de
870 1142 1108 1181 Aristotelis
1131 1141 1441 1193 categoriarum
1465 1146 1507 1182 et
1533 1141 1586 1181 de
1613 1140 1908 1194 Xenophontis
1931 1141 2329 1181 commentariorum
2350 1146 2390 1181 et
2412 1140 2464 1181 de
2486 1141 2699 1182 Plutarchi

294 1200 419 1239 libelli
457 1201 509 1240 de
549 1200 783 1239 Alexandri
826 1200 996 1239 fortuna
1038 1205 1078 1239 et
1120 1200 1173 1239 de
1215 1199 1513 1239 Demosthenis
1557 1199 1818 1252 Philippicae
1861 1201 2007 1239 tertiae
2050 1199 2292 1252 duplicibus
2331 1200 2479 1240 formis
2521 1200 2699 1240 eandem

293 1260 585 1312 acciperemus
617 1260 821 1299 rationem
855 1259 1019 1311 orginis
1050 1258 1338 1311 explicandae.
