3005 4009
1354 264 1631 303 -22-

282 417 467 459 editores
508 419 589 458 illis
629 419 744 467 locis,
788 419 1016 470 praecipue
1060 418 1095 457 si
1139 418 1440 457 adumbratum
1483 423 1556 457 aut
1600 430 1796 457 mancum
1841 423 1914 457 aut
1951 425 2115 470 parum·
2143 418 2315 471 plenum
2352 423 2443 458 erat
2478 418 2699 471 exemplar

282 477 522 517 Aristotelis
556 478 652 517 usui
685 477 941 517 destinatum
974 483 1048 517 aut
1080 477 1255 517 deerant
1286 477 1487 530 plagulae
1520 479 1558 517 in
1594 488 1655 525 eo,
1687 478 1728 516 in
1763 489 1884 517 suam
1920 490 2008 517 rem
2041 478 2304 518 convertisse
2336 489 2446 530 quae
2474 478 2632 517 tirones
2655 478 2697 516 in

282 536 432 574 schola
463 542 786 574 annotaverant.
817 567 821 573 .
850 537 1057 575 hactenus
1088 536 1306 586 Scaligeri,
1338 548 1466 587 quam
1500 537 1602 583 dixi,
1633 537 1840 575 sententia
1879 537 1920 574 in
1953 537 2205 575 universum
2245 543 2348 575 vera
2387 536 2555 575 videtur
2591 548 2696 575 esse.

501 607 678 646 Restant
720 611 860 645 autem
900 605 1129 645 nonnullae
1167 606 1455 659 πραγματεῖαι,
1498 613 1543 645 ut
1583 606 1688 645 liber
1729 605 1821 660 περὶ
1858 604 2101 659 ἑρμηνείας,“
2140 607 2182 645 in
2224 618 2334 658 quas
2371 617 2457 645 non
2498 605 2697 645 convenit

283 676 414 716 quam
446 665 689 717 accepimus
721 664 899 717 originis
932 665 1050 705 ratio.
1115 676 1254 718 neque
1285 671 1502 704 erraturos
1535 677 1630 705 esse
1662 676 1741 704 nos
1779 670 1895 717 puto,
1934 664 1968 704 si
2008 665 2048 703 in
2090 664 2240 704 horum
2280 664 2449 717 quidem
2493 664 2697 705 librorum

284 724 509 776 quosdam,
553 729 599 764 ut
642 725 685 764 in
729 724 898 777 Physic.
933 724 969 763 H
1014 724 1203 773 fecimus,
1247 724 1576 764 transducamus
1625 725 1692 763 vel
1729 723 2056 764 accomodamus
2101 731 2285 763 veterem
2334 724 2445 763 illam
2493 723 2697 775 Scaligeri

282 784 548 831 sententiam,
580 796 841 836 quamquam
874 795 1020 823 eorum
1059 789 1254 832 eventus,
1293 785 1366 836 qui
1404 784 1546 823 adhuc
1583 784 1635 823 de
1672 784 1734 823 eis
1771 784 1942 836 quidem
1986 783 2116 830 libris,
2154 783 2226 835 qui
2266 783 2425 822 servati
2467 790 2579 830 sunt,
2618 782 2698 822 hoc

283 842 580 882 demonstrare
611 844 750 883 conati
783 849 894 892 sunt,
925 843 1115 882 animum
1148 842 1273 882 nobis
1310 854 1394 882 non
1428 844 1680 883 confirmare
1719 842 1928 882 videntur.
1990 854 2118 894 saepe
2157 848 2202 882 ut
2239 842 2328 881 dixi
2367 842 2697 894 pronuntiabant

283 908 471 941 veterem
504 902 618 941 illam
651 902 916 948 sententiam,
948 901 1298 941 demonstrabant
1331 903 1470 940 rarius
1504 914 1642 954 neque
1674 902 1711 941 ei
1745 913 1948 954 umquam
1984 908 2027 940 ut
2058 901 2211 953 opinor
2242 907 2366 941 certo.
2413 913 2551 953 nuper
2571 901 2696 940 etiam

284 958 431 999 Marx²
469 960 652 1012 probare
694 966 872 1000 conatus
910 965 973 999 est
1012 960 1122 999 hanc
1163 960 1446 999 coniecturam
1492 961 1723 1000 convenire
1767 959 1820 999 ad
1860 960 2098 1007 Rhetorica,
2135 960 2211 999 sed
2244 960 2370 999 valde
2401 971 2569 999 errasse
2600 972 2697 999 eum

284 1018 472 1059 Vahlen³
503 1019 717 1071 cognovit.
782 1020 934 1059 Marxii
966 1018 1076 1058 enim
1110 1019 1317 1058 sententia
1349 1018 1495 1058 nititur
1528 1019 1740 1067 versibus,
1771 1018 1843 1072 qui
1877 1019 1919 1057 in
1953 1018 2122 1058 Rhetor.
2151 1030 2205 1058 ex
2237 1024 2458 1071 poetarum
2497 1018 2698 1071 operibus

284 1090 436 1130 parum
469 1084 666 1118 accurate
698 1079 940 1124 laudantur,
972 1078 1165 1130 neglecta
1197 1078 1472 1130 dispositione
1503 1079 1684 1130 aliisque
1716 1079 1896 1125 levibus,
1929 1090 2040 1130 quae
2070 1078 2113 1117 in
2145 1078 2197 1117 l.l
2232 1079 2336 1117 rhet.
2366 1078 2548 1117 inveniri
2578 1082 2699 1130 putat

285 1137 409 1180 vitiis,
485 1137 662 1176 similem
707 1138 912 1177 rationem
958 1138 1015 1176 illi
1054 1148 1238 1189 quoque,
1277 1138 1349 1189 qui
1394 1143 1492 1176 ante
1535 1150 1630 1177 eum
1674 1137 1783 1177 idem
1825 1143 2047 1176 senserant
2091 1137 2143 1176 de
2186 1137 2279 1176 aliis
2323 1136 2454 1186 libris,
2503 1137 2698 1176 inierunt.

283 1200 422 1235 tamen
456 1196 537 1235 hac
570 1196 641 1234 via
673 1196 777 1235 nihil
808 1196 916 1235 effici
951 1207 1078 1248 posse
1110 1202 1300 1248 apparet,
1333 1195 1445 1248 quod
1488 1207 1572 1235 non
1611 1196 1927 1235 demonstratur
1963 1207 1989 1234 a
2028 1195 2163 1235 tirone
2200 1196 2405 1248 scriptum
2444 1207 2539 1235 esse
2576 1206 2698 1247 opus,

282 1254 333 1293 de
365 1265 451 1307 quo
482 1254 637 1306 agitur.
699 1255 906 1307 optimum
945 1255 1187 1307 exemplum
1227 1255 1488 1307 probationis
1529 1250 1803 1303 haberemus,
1834 1255 1871 1294 si
1910 1255 2006 1308 quis
2047 1254 2246 1307 probaret
2284 1255 2467 1306 cogitata
2504 1255 2698 1307 orginem

281 1314 498 1364 accepisse
530 1326 555 1352 a
587 1313 704 1353 nullo
736 1325 864 1365 posse
896 1315 977 1353 nisi
1008 1326 1034 1353 a
1067 1321 1352 1365 praeceptore,
1390 1314 1569 1353 sormam
1612 1315 1706 1353 libri
1738 1327 1763 1353 a
1796 1314 1910 1353 nullo
1943 1314 2024 1353 nisi
2056 1326 2081 1353 a
2113 1314 2257 1353 tirone.
2319 1319 2359 1353 et
2396 1314 2576 1353 fortasse
2614 1314 2696 1352 iam

280 1371 372 1411 iure
404 1372 501 1424 quis
534 1373 786 1411 sententiam
819 1373 932 1411 illam
965 1373 1090 1412 etiam
1122 1372 1215 1411 aliis
1248 1372 1378 1420 libris,
1411 1373 1484 1424 qui
1517 1373 1677 1412 servati
1710 1379 1822 1421 sunt,
1853 1372 2047 1411 adhibuit
2080 1373 2143 1421 (ut
2176 1384 2269 1411 mea
2296 1372 2468 1424 quidem
2491 1372 2698 1411 sententia

280 1431 438 1482 optimo
471 1431 563 1469 iure
596 1429 751 1469 Grant4
783 1431 806 1469 l.
830 1431 882 1470 de
914 1430 1272 1483 interpretatione)
1306 1443 1443 1483 neque
1476 1436 1615 1470 tamen
1649 1431 1956 1483 comprobavit.

495 1502 584 1540 Iam
608 1501 763 1541 Zeller⁵
787 1503 946 1541 monuit
968 1502 1254 1554 incipiendum
1277 1514 1372 1541 esse
1393 1503 1448 1541 ab
1472 1503 1522 1542 iis
1544 1502 1662 1541 libris
1685 1502 1758 1554 qui
1781 1502 2071 1554 compluribus
2094 1501 2232 1541 traditi
2250 1508 2350 1541 sunt
2367 1501 2698 1549 recensionibus,

282 1572 422 1612 neque
455 1571 559 1599 vero
591 1560 851 1600 audiverunt
883 1574 980 1600 eum
1004 1583 1057 1589 —
1082 1561 1163 1600 nisi
1195 1562 1411 1613 perpauci,
1440 1562 1512 1613 qui
1536 1568 1675 1601 tamen
1698 1573 1902 1613 perverse
1924 1566 2052 1613 atque
2075 1573 2297 1613 perperam
2322 1561 2698 1613 interpretarentur

280 1617 393 1658 illius
426 1618 596 1658 dictum.
659 1631 756 1659 nam
797 1619 839 1659 in
875 1619 1114 1659 Artstotelis
1151 1630 1326 1671 operum
1367 1631 1544 1672 corpore
1582 1626 1751 1672 praeter
1790 1619 1918 1672 Phys.
1952 1619 1988 1658 H
2021 1619 2088 1659 alii
2128 1631 2299 1672 quoque
2336 1619 2431 1659 libri
2475 1625 2587 1667 sunt,
2625 1619 2698 1672 qui

283 1677 440 1729 duplici
474 1678 611 1717 forma
642 1678 899 1717 tradunturss.
941 1685 981 1718 et
1014 1690 1275 1732 quamquam
1310 1690 1394 1718 non
1418 1691 1570 1730 negem
1593 1680 1774 1718 fortasse
1796 1678 1973 1718 eandem
1997 1691 2124 1731 quam
2154 1678 2206 1718 de
2229 1679 2358 1731 Phys.
2383 1678 2418 1717 H
2442 1677 2696 1718 adhibebam

283 1736 489 1775 rationem
522 1738 647 1775 etiam
681 1738 823 1776 valere
856 1737 907 1776 de
939 1737 1045 1787 aliis,
1077 1748 1401 1790 nonnumquam
1436 1738 1674 1790 petulanter
1706 1738 1791 1777 fere
1824 1738 1906 1776 viri
1943 1737 2054 1777 docti
2093 1738 2267 1790 quidam
2310 1738 2608 1777 iudicaverunt
2646 1737 2698 1776 de

281 1795 523 1846 duplicibus
557 1796 637 1834 illis
670 1796 888 1848 exemplis.
930 1802 1031 1835 sunt
1062 1797 1174 1835 enim
1209 1796 1449 1847 complures
1481 1796 1589 1844 libri,
1622 1808 1803 1848 quorum
1838 1797 2023 1836 varietas
2055 1797 2287 1836 formarum
2321 1797 2436 1835 nulla
2468 1797 2510 1835 in
2542 1796 2625 1834 alia
2654 1808 2698 1834 re

281 1853 421 1905 posita
452 1860 515 1893 est
548 1855 629 1894 nisi
661 1855 703 1894 in
736 1855 956 1906 particulis
988 1860 1028 1894 et
1059 1855 1154 1895 aliis
1193 1855 1368 1894 minoris
1407 1856 1605 1894 momenti
1650 1855 1881 1898 vocabulis,
1954 1862 1993 1895 et
2036 1856 2117 1894 hoc
2158 1854 2384 1894 tenendum
2426 1860 2489 1894 est
2532 1854 2612 1894 hac
2654 1853 2697 1894 in

281 1912 555 1953 diiudicanda
588 1926 633 1953 re
664 1925 844 1966 prorsus
876 1914 958 1954 alia
997 1914 1205 1955 tractandi
1246 1915 1406 1954 ratione
1447 1925 1556 1966 opus
1598 1926 1711 1954 esse:
1753 1914 1930 1954 aliorum
1973 1915 2089 1955 enim>
2127 1914 2383 1967 scriptorum
2423 1914 2696 1967 antiquorum

280 1971 375 2012 libri
408 1973 491 2012 iam
525 1979 795 2025 praemature
828 1973 1070 2013 redactores
1102 1976 1212 2013 nacti
1246 1980 1358 2021 sunt,
1398 1974 1471 2026 qui
1505 1975 1814 2013 constituerunt
1852 1979 2114 2021 contextum;
2158 1974 2223 2012 his
2263 1973 2305 2012 in
2344 1974 2474 2021 libris,
2514 1984 2697 2025 quorum

280 2039 380 2070 sunt
413 2032 661 2070 Callimachi
694 2034 896 2080 carmina,
936 2044 1175 2084 perpaucas
1213 2033 1458 2071 invenimus
1499 2034 1643 2072 varias
1675 2033 1893 2080 lectiones;
1935 2033 2004 2071 alii
2037 2039 2195 2084 postea,
2234 2038 2273 2071 et
2305 2033 2450 2083 plures
2490 2032 2697 2070 habemus

280 2090 605 2141 discrepantias,
629 2097 672 2129 ut
695 2091 737 2129 in
761 2091 971 2130 Theocriti
993 2091 1213 2142 operibus;
1237 2091 1306 2129 alii
1329 2090 1581 2136 tardissime,
1603 2098 1643 2130 et
1667 2091 1898 2130 maximum
1922 2091 2165 2130 invenimus
2189 2091 2440 2130 varietatum
2460 2102 2697 2137 numerum,

280 2154 326 2188 ut
363 2149 600 2188 Aristotelis
633 2155 843 2188 trecentos
875 2155 971 2201 post
1003 2151 1158 2189 annos!
1192 2150 1335 2202 itaque
1357 2150 1590 2201 permultos
1613 2149 1821 2189 habemus
1844 2150 1886 2189 in
1909 2152 1999 2190 eius
2022 2149 2141 2189 libris
2164 2150 2291 2198 locos,
2313 2149 2383 2202 qui
2410 2161 2485 2201 per
2507 2154 2697 2200 tempora

279 2207 475 2259 graviter
508 2208 750 2248 commutati
788 2214 901 2258 sunt,
939 2208 1043 2260 quin
1080 2209 1204 2248 etiam
1244 2207 1501 2259 quibusdam
1541 2209 1585 2248 in
1622 2208 1939 2261 exemplaribus
1977 2220 2122 2249 eorum
2162 2214 2222 2248 tot
2258 2209 2524 2257 exstiterunt,
2566 2213 2610 2247 ut
2648 2219 2697 2247 ea

281 2266 489 2304 nonnulla
520 2273 616 2318 post
648 2268 820 2305 saecula
851 2267 975 2305 aliam
1009 2267 1095 2305 fere
1128 2268 1310 2318 speciem
1345 2268 1608 2318 praeberent.
1651 2274 1697 2305 ut
1729 2278 1875 2306 omnes
1908 2269 2100 2306 homines
2132 2269 2194 2306 sic
2221 2268 2345 2306 etiam
2368 2277 2516 2305 omnes
2538 2267 2697 2305 librarii

280 2337 360 2363 sua
391 2326 582 2376 ipsorum
616 2326 761 2375 verba,
794 2338 904 2378 quae
937 2327 1111 2378 propria
1144 2326 1315 2372 habent,
1345 2331 1498 2368 amant.
1541 2327 1645 2365 alter
1677 2326 1775 2365 dicit
1807 2328 1948 2378 potius
1979 2323 2108 2373 ἄλλος,
2140 2326 2245 2365 alter
2277 2323 2431 2379 ἕτερος,
2460 2330 2588 2377 atque
2618 2325 2698 2364 hoc

280 2384 349 2423 vel
381 2384 516 2431 inscii,
537 2390 576 2423 et
598 2396 694 2423 cum
717 2385 761 2424 in
783 2385 1136 2436 philosophorum
1160 2385 1330 2437 quidem
1354 2384 1473 2425 libris
1497 2384 1856 2425 transscribendis
1878 2386 1934 2425 nil
1958 2385 2044 2425 fere
2064 2386 2269 2426 interesse
2293 2384 2513 2425 crederent
2534 2384 2697 2436 antiqui

278 2442 452 2491 librarii,
482 2449 623 2482 utrum
648 2443 881 2483 scriberent
903 2440 1098 2498 ζητητέον
1121 2456 1176 2483 an
1199 2441 1395 2499 ὃεῖζητεῖν
1422 2443 1565 2496 (plane
1586 2443 1668 2483 alia
1691 2455 1759 2483 res
1782 2449 1872 2483 erat
1899 2446 1942 2483 in
1975 2444 2247 2490 carminibus,
2275 2442 2475 2495 epistolis,
2504 2442 2697 2494 dialogis,

278 2500 574 2554 orationibus),
613 2501 789 2542 celerius
828 2501 1074 2554 perficiendi
1112 2503 1253 2555 operis
1291 2514 1421 2542 causa
1460 2503 1583 2555 quasi
1623 2503 1780 2542 cursim
1813 2508 1852 2542 et
1885 2503 2150 2554 negligenter
2182 2502 2434 2541 scribebant.
2496 2502 2621 2541 etiam
2653 2502 2695 2540 in

280 2560 410 2614 Phys.
440 2561 477 2601 H
506 2561 740 2613 permultas
772 2561 1081 2614 discrepantias
1113 2561 1195 2602 hoc
1226 2561 1350 2601 modo
1382 2568 1498 2602 ortas
1520 2574 1615 2602 esse
1636 2568 1753 2614 puto,
1783 2561 1857 2601 sed
1887 2563 2017 2602 multo
2040 2563 2264 2614 graviores
2288 2566 2506 2614 praeterea
2528 2566 2697 2600 exstare

278 2631 365 2659 non
393 2632 556 2673 paucas
589 2621 776 2659 vidimus
809 2621 933 2672 plane
964 2621 1033 2660 alii
1065 2621 1248 2673 generis,
1281 2621 1322 2659 in
1355 2622 1449 2660 aliis
1480 2627 1621 2660 autem
1644 2620 1794 2670 libris7,
1823 2623 1931 2661 utin
1954 2622 1977 2661 l.
2000 2621 2023 2660 l.
2046 2621 2098 2660 de
2126 2622 2267 2661 anima
2295 2632 2442 2659 omnes
2470 2621 2698 2660 varietates

280 2681 577 2719 recensionum
612 2680 739 2719 huius
785 2686 884 2719 sunt
928 2680 1040 2720 modi
1073 2680 1149 2720 sed
1182 2686 1347 2732 spectes
1385 2680 1695 2732 discrepantias
1728 2681 1769 2720 in
1802 2680 1840 2721 ll.
1873 2680 1924 2720 de
1956 2682 2109 2730 anima,
2141 2692 2252 2733 quae
2284 2680 2558 2719 inveniantur
2589 2680 2697 2718 inter

280 2738 504 2789 vulgatam
538 2738 823 2777 recensionem
847 2744 886 2777 et
907 2738 998 2777 cod.
1022 2739 1057 2777 Ε
1080 2738 1320 2790 fragmenta
1343 2738 1551 2790 quaedam
1576 2737 1657 2791 (ed.
1683 2739 1800 2778 Biehl
1825 2752 1862 2791 p.
1888 2740 1964 2778 105
1988 2738 2100 2791 sqq.)
2133 2746 2173 2778 et
2205 2739 2414 2789 intelliges
2445 2750 2518 2777 eas
2550 2749 2697 2778 omnes

278 2808 374 2835 esse
397 2796 660 2836 huiusmodi:
685 2792 718 2851 ᾗ
748 2795 911 2837 δύναται
944 2803 984 2836 et
1015 2795 1059 2835 ὃν
1090 2795 1261 2836 δύναται
1279 2795 1453 2851 -τρόπον,
1493 2796 1672 2851 φαίνεται
1709 2805 1749 2837 et
1786 2796 1906 2837 δοκεῖ.
1950 2797 2150 2849 θιγγάνειν
2186 2804 2227 2837 et
2257 2796 2470 2836 ἅπτεσθαι.
2503 2798 2626 2849 πῶμα
2657 2802 2697 2835 et

277 2854 467 2909 φράγμα·
502 2855 648 2894 variae
679 2867 783 2907 ergo
805 2862 905 2896 sunt
928 2856 1139 2904 lectiones,
1162 2868 1273 2908 quae
1294 2857 1466 2896 omnino
1489 2857 1604 2896 nullo
1627 2857 1670 2896 in
1694 2857 1931 2896 Aristotelis
1959 2857 2066 2896 libro
2088 2857 2254 2904 desunt,
2276 2860 2377 2895 sunt
2398 2856 2489 2895 eius
2512 2856 2696 2906 generis.

279 2915 403 2954 cuius
435 2914 555 2954 attuli
587 2914 791 2967 exempla.
854 2921 954 2954 sunt
992 2915 1226 2967 permultae
1260 2915 1302 2954 in
1335 2915 1357 2954 l.
1386 2915 1437 2955 de
1469 2916 1628 2964 anima;
1666 2915 1741 2955 sed
1780 2927 1858 2968 pro
1898 2916 2026 2968 Phys.
2060 2915 2096 2955 H
2135 2915 2366 2955 admodum
2404 2925 2527 2953 rarae
2568 2919 2607 2952 et
2645 2913 2697 2952 de

499 3068 506 3087 ¹
537 3066 708 3108 „welche
734 3067 873 3100 schrift
898 3078 1003 3101 zwar
1028 3067 1155 3102 ihrem
1182 3068 1308 3101 inhalt
1334 3068 1434 3101 nach
1461 3068 1533 3102 mit
1559 3069 1630 3102 der
1655 3066 1967 3101 aristotelischen
1999 3066 2106 3100 lehre
2138 3066 2338 3101 durchaus
2368 3066 2697 3105 iibereinstimmt,

278 3115 375 3149 aber
409 3114 494 3149 sich
532 3114 701 3148 vielfach
737 3115 972 3149 iiber‘satze
1007 3115 1078 3149 der
1110 3115 1413 3149 elementarsten
1450 3119 1509 3148 art
1543 3115 1583 3148 in
1618 3113 1934 3157 schulmassigen
1968 3116 2251 3157 ercrterungen
2286 3114 2508 3154 verbreitet,
2538 3112 2613 3146 wie
2640 3112 2696 3146 sie

279 3162 522 3204 Aristoteles,
551 3162 667 3196 sollte
693 3171 784 3195 man
811 3162 995 3205 glauben,
1023 3163 1063 3196 in
1091 3162 1162 3196 der
1187 3162 1274 3202 zeit,
1302 3162 1341 3195 in
1371 3162 1517 3196 welche
1544 3162 1628 3196 ihre
1654 3162 1875 3205 abfassung
1901 3161 2019 3196 fallen
2048 3163 2209 3204 miisste,
2237 3161 2346 3196 nicht
2372 3161 2485 3194 mehr
2506 3160 2617 3203 notig
2633 3170 2696 3200 gc-

278 3209 432 3243 funden
460 3209 601 3243 hatte·¹.
654 3207 796 3250 (Zeller
820 3220 856 3252 p.
875 3208 921 3242 70
949 3220 1051 3243 anm.
1072 3220 1106 3242 v.
1124 3208 1198 3252 33.)

496 3268 508 3288 ²
535 3267 707 3310 Abhdlg.
726 3267 762 3301 d.
781 3267 912 3302 sactis.
932 3268 1144 3303 Gesellsch.
1163 3268 1199 3303 d.
1222 3268 1339 3303 Wiss.
1362 3269 1462 3303 1900.
1484 3268 1549 3303 VI.
1569 3269 1648 3302 241.

495 3314 509 3333 ³
535 3314 742 3358 Sitzgsber.
765 3314 799 3350 d.
821 3314 945 3350 Akad.
964 3314 1000 3350 d.
1021 3314 1129 3351 Wiss
1162 3315 1261 3350 Berl.
1282 3315 1385 3357 1902,
1404 3315 1451 3350 X.

496 3362 509 3428 ἓ
539 3362 809 3442 ..Αἰ-ἐξαίρων
840 3373 915 3397 von
943 3364 988 3398 A.
1008 3363 1141 3397 Grant.
1194 3364 1619 3397 Dtsch.v.1melmann
1650 3364 1745 3396 Berl.
1770 3363 1858 3396 1878
1885 3375 1920 3408 p.
1939 3363 1996 3395 48.

495 3456 509 3476 ‘³
534 3420 703 3502 g'uoru'm
731 3457 953 3502 complures
980 3467 1059 3493 non
1086 3457 1231 3493 servati
1256 3460 1352 3493 sunt
1378 3457 1481 3499 libri,
1507 3461 1544 3494 et
1570 3468 1620 3494 ex
1647 3460 1998 3494 commentatorum
2025 3461 2176 3493 tantum
2197 3456 2313 3494 dictis
2333 3457 2510 3494 notitiam
2530 3457 2695 3494 ferimus

281 3504 329 3538 de
356 3505 514 3539 illorum
541 3505 769 3549 duplicibus
794 3505 943 3539 formis.

496 3564 508 3583 ⁷
533 3565 648 3598 multi
675 3567 719 3598 ut
744 3564 866 3598 Shute
891 3564 1117 3598 inciderunt
1142 3565 1184 3598 in
1211 3574 1393 3607 errorem,
1419 3565 1526 3611 quod
1561 3565 1783 3611 acciperent
1817 3565 1977 3598 omnino
2011 3565 2090 3598 duo
2125 3568 2278 3598 tantum
2310 3566 2494 3610 exempla
2527 3575 2694 3610 semper.

279 3616 435 3654 praeter
462 3623 507 3645 ea
533 3613 622 3654 duo,
651 3613 699 3645 ad
726 3623 827 3656 quae
854 3614 922 3656 qui
949 3613 1064 3646 nobis
1090 3615 1233 3647 servati
1261 3618 1355 3647 sunt
1383 3614 1535 3648 codices
1561 3615 1729 3648 redeunt
1756 3614 1778 3647 l.
1799 3614 1821 3647 l.
1849 3614 1896 3648 de
1923 3613 2064 3655 anima,
2092 3613 2257 3648 fortasse
2284 3624 2357 3648 sex
2382 3614 2458 3648 alia
2475 3614 2695 3649 exstabant.
