3005 4009
1347 249 1622 290 —19-

499 407 643 446 Altera
674 405 881 446 sententia
913 406 955 445 in
978 403 1012 458 β
1042 405 1171 455 deest,
1200 405 1343 459 itaque
1374 404 1675 445 demonstratio
1706 404 1839 460 altera
1869 404 1913 443 in
1936 401 1970 455 β
2001 408 2046 443 ut
2077 403 2381 444 demonstratio
2412 404 2566 456 prioris
2597 416 2689 443 sen-

285 467 438 505 tentiae
482 466 651 517 legitur.
728 465 803 504 sed
852 465 1075 504 videamus
1121 465 1520 504 demonstrationem
1561 464 1674 503 illam
1719 464 1907 511 alteram,
1954 464 2076 502 cuius
2121 474 2307 502 errorem
2354 462 2540 515 Spengel
2587 465 2690 503 satis

284 525 526 577 explicavit.
569 530 709 565 tamen
741 536 827 563 non
857 524 968 563 idem
1001 524 1081 563 hoc
1112 524 1202 564 loco
1234 522 1439 564 concludo
1470 534 1521 563 ac
1552 521 1748 575 Spengel.
1789 528 2003 575 putamuS,
2025 533 2198 574 quaer0,
2226 521 2437 562 hominem
2466 521 2690 571 Graecum,

285 597 381 624 cum
415 582 679 635 propositum
717 583 848 622 literis
886 583 1091 634 scriptum
1128 588 1226 622 ante
1261 582 1407 622 oculos
1441 581 1625 629 haberet,
1657 587 1797 621 tantas
1829 581 2056 633 perfecisse
2092 580 2300 633 ineptias?
2352 581 2522 621 minime
2553 582 2690 622 credo.

286 649 325 682 et
356 642 552 695 equidem
586 642 696 681 hanc
727 653 855 681 unam
895 646 1057 681 tantum
1100 641 1303 681 rationem
1336 652 1510 693 possum
1544 641 1678 693 sequi,
1709 646 1755 679 ut
1786 645 1929 692 putem
1967 645 2183 679 auctorem
2219 640 2380 678 formae
2403 638 2447 691 β,
2478 651 2575 679 cum
2615 653 2692 693 per

285 702 542 754 colloquium
575 701 641 739 his
673 700 725 739 de
757 701 886 740 rebus
916 706 1129 752 ageretur,
1159 700 1308 739 literis«,
1323 700 1596 739 mandavisse
1621 699 1824 738 orationis
1853 704 2058 751 quantum
2082 704 2238 750 posset,
2259 710 2396 751 neque
2418 705 2570 745 tamen,
2593 712 2688 739 cum

283 760 556 800 commentari
573 760 686 798 domi
704 765 929 799 conaretur
944 771 994 798 ea
1011 771 1121 811 quae
1136 759 1247 798 notis
1264 759 1514 811 excepisset,
1530 764 1642 798 recte
1657 757 1769 797 dicta
1785 757 1957 809 singula
1974 757 2147 797 reficere
2163 758 2363 809 potuisse.
2398 758 2441 796 vi
2458 759 2689 798 sententiae

284 817 395 867 ,κατὰ
427 816 599 870 δύναμιν6
633 818 774 857 nescio
805 829 860 856 an
893 818 947 857 sit
973 818 1017 856 in
1040 817 1274 857 Arisiotelis
1296 817 1499 864 doctrina,
1520 827 1606 869 quo
1628 818 1769 856 minus
1792 828 1937 856 carere
1962 816 2128 868 possint
2148 816 2273 854 etiam
2295 816 2335 863 ii,
2357 817 2430 867 qui
2454 816 2688 856 Aristotelis

287 876 582 930 philosophiae
614 876 866 918 rudimentis
897 882 1060 916 tantum
1092 876 1241 915 imbuti
1272 881 1467 915 sunt.›-—
1495 876 1568 928 qui
1600 876 1716 915 hunc
1746 875 1884 915 locum
1917 874 2099 927 scripsit,
2130 886 2216 914 non
2247 881 2374 926 aptus
2405 882 2495 914 erat
2525 875 2688 915 edendo

285 936 354 977 vel
378 935 638 977 conficiendo
661 935 729 975 vel
750 935 1029 976 describendo
1050 935 1168 976 libro.
1216 934 1291 976 sed
1319 945 1491 975 necesse
1520 939 1584 975 est
1614 934 1919 976 concludamus
1949 934 2101 975 fecisse
2128 945 2226 974 eum
2255 934 2446 982 tironem,
2477 935 2550 987 qui
2578 935 2689 975 dicta

283 996 570 1048 praeceptoris
602 1006 740 1047 neque
769 996 872 1034 satis
901 995 1118 1047 percipere
1146 1006 1284 1046 neque
1314 1006 1492 1046 prorsus
1520 995 1642 1046 sequi
1669 1000 1824 1046 posset.
1862 993 1977 1046 quod
2005 993 2202 1032 concludi
2229 998 2367 1045 potest
2395 993 2463 1031 vel
2491 1006 2544 1032 ex
2572 1005 2688 1046 seqq.

285 1054 443 1101 verbis,
464 1053 621 1105 quibus
644 1054 798 1104 agitur,
820 1058 866 1092 ut
887 1065 941 1092 ex
958 1068 985 1091 α
1001 1053 1287 1104 intelligimus,
1311 1053 1390 1092 hac
1410 1053 1462 1091 de
1484 1053 1708 1091 sententia:
1731 1053 1809 1100 ,die
1828 1051 2123 1091 wissenschaft
2145 1051 2324 1102 begreift
2345 1051 2423 1090 das
2446 1053 2501 1090 im
2522 1053 2688 1092 werden

287 1112 518 1165 begriffene
550 1111 786 1150 besondere
817 1112 953 1151 durch
985 1112 1063 1150 das
1094 1112 1136 1150 in
1168 1112 1238 1150 ihr
1259 1111 1449 1150 ruhende
1470 1111 1731 1162 allgemeine‘
1754 1110 1820 1161 (cf.
1845 1110 2027 1149 Brandis
2050 1123 2089 1161 p.
2111 1110 2194 1149 851
2220 1116 2260 1149 et
2282 1109 2339 1149 St.
2363 1109 2520 1150 Hilaire
2543 1124 2581 1162 p.
2604 1111 2688 1150 433

286 1184 397 1212 vers.
429 1177 470 1211 et
502 1171 586 1210 312
620 1168 851 1223 paraphr.).
921 1170 997 1210 sed
1021 1168 1054 1222 β
1093 1170 1219 1210 habet
1256 1170 1532 1210 contrarium!
1570 1181 1694 1210 nemo
1731 1170 1814 1209 iam
1854 1168 1994 1209 dicere
2031 1174 2180 1221 potest,
2212 1175 2439 1221 postquam
2472 1169 2541 1210 hic
2571 1169 2690 1210 locus

283 1231 458 1270 allatus>
483 1235 559 1278 est,
605 1230 761 1269 librum
801 1227 835 1281 β
873 1242 969 1269 esse
1017 1234 1312 1273 ..retractatum
1355 1229 1595 1281 exemplum
1639 1229 1800 1269 formae
1846 1235 1909 1267 α.“
1988 1228 2091 1280 quid
2137 1227 2373 1268 iudicemus
2419 1228 2471 1268 de
2516 1235 2689 1269 auctore

281 1290 441 1330 formae
480 1286 540 1341 β’)
588 1300 692 1328 sane
738 1300 824 1328 non
870 1300 1018 1329 eorum
1064 1293 1166 1336 erat,
1207 1288 1280 1341 qui
1324 1288 1501 1328 Eudemi
1543 1299 1660 1328 more
1699 1288 1743 1327 in
1783 1287 1902 1327 libris
1944 1286 2182 1327 scribendis
2223 1288 2461 1327 Aristotelis
2506 1289 2690 1340 vestigia

284 1355 576 1402 sequerentur,
607 1359 693 1387 non
724 1360 884 1396 eorum,
915 1348 989 1400 qui
1021 1348 1305 1402 παραφράσεις
1335 1348 1661 1396 conscriberent,
1692 1358 1777 1386 non
1808 1358 1969 1395 eorum,
2006 1347 2080 1399 qui
2118 1347 2280 1398 gloriae
2316 1347 2541 1387 litterariae
2572 1348 2688 1386 avidi

285 1410 416 1448 variis
448 1421 502 1447 ex
534 1407 783 1447 lectionibus
816 1408 977 1447 minuta
1008 1407 1240 1447 subtilitate
1272 1407 1524 1447 conficerent
1555 1406 1721 1447 librum.
1784 1406 1825 1446 hi
1858 1418 2007 1447 omnes
2038 1411 2160 1446 erant
2191 1405 2302 1446 docti
2333 1412 2445 1446 certe
2476 1406 2569 1447 viri.

495 1466 711 1506 Concludo
742 1472 884 1505 autem
916 1466 996 1506 hoc
1027 1465 1171 1505 modo:

496 1523 549 1578 1.)
582 1537 742 1577 neque
782 1539 809 1563 α
849 1537 1010 1577 neque
1051 1523 1084 1576 ,θ
1121 1525 1183 1564 ab
1223 1525 1501 1564 Aristotele
1542 1529 1662 1563 sunt
1692 1525 1716 1563 l.
1746 1525 1769 1563 1.
1804 1525 1997 1577 scripti.
2039 1536 2139 1563 nam
2172 1524 2464 1576 compluribus
2495 1525 2609 1572 locis,
2643 1531 2689 1564 ut

282 1586 482 1632 vidimus,
509 1596 675 1623 errores
704 1585 861 1631 insunt,
889 1585 962 1635 qui
990 1584 1194 1635 philologi
1221 1584 1511 1622 emendatione
1532 1584 1618 1623 tolli
1640 1596 1724 1623 non
1747 1589 1939 1634 possunt,
1961 1583 2089 1622 immo
2111 1594 2295 1633 quorum
2317 1585 2438 1634 origo
2461 1584 2689 1635 repetenda

280 1650 343 1684 est
365 1643 419 1683 ab
441 1642 686 1683 auctoribus
703 1641 1005 1694 exemplorum.
1048 1646 1226 1694 apparet
1242 1648 1382 1681 autem
1399 1641 1508 1682 idem
1526 1641 1620 1682 aliis
1638 1642 1704 1682 his
1721 1641 1868 1683 rebus:
1888 1641 2072 1694 primum
2089 1641 2210 1682 facile
2228 1641 2376 1682 videas
2396 1642 2542 1682 miram
2559 1653 2688 1695 saepe

280 1704 324 1743 in
355 1703 378 1743 l.
403 1701 440 1742 H
462 1714 556 1743 esse
577 1700 743 1742 dicendi
774 1701 992 1750 rationem,
1022 1697 1117 1741 cum
1138 1713 1214 1742 eae
1236 1707 1389 1753 partes,
1411 1700 1570 1753 quibus
1596 1712 1683 1741 non
1704 1701 1882 1741 multum
1907 1701 2020 1741 ultra
2041 1701 2201 1754 primas
2225 1701 2462 1741 Aristotelis
2483 1702 2688 1755 physicae

280 1762 497 1803 doctrinae
529 1760 688 1802 litteras
712 1760 1025 1814 progredimur,
1047 1760 1128 1800 late
1149 1764 1189 1801 et
1211 1760 1393 1801 verbose
1415 1761 1598 1813 scriptae
1618 1761 1714 1810 sint,
1736 1760 2005 1800 difficillimae
2026 1765 2165 1799 autem
2189 1760 2454 1800 definitiones
2476 1761 2687 1800 interdum

281 1822 406 1861 nimis
430 1822 616 1860 breviter
643 1825 771 1873 atque
792 1821 916 1859 etiam
938 1820 1120 1859 obscure
1151 1820 1449 1872 pronuntiatae
1479 1821 1540 1858 eis
1573 1820 1677 1872 ipsis
1705 1820 1806 1858 locis
1830 1826 2003 1858 careant
2023 1820 2303 1871 explicatione
2325 1821 2482 1870 quibus
2506 1822 2688 1858 maxime

281 1883 343 1920 eis
374 1893 484 1933 opus
515 1886 590 1918 est.
652 1879 803 1918 deinde
835 1891 920 1917 non
952 1879 1232 1918 dubitandum
1270 1885 1345 1926 est,
1383 1879 1486 1930 quin
1520 1880 1780 1926 Aristoteles,
1818 1879 1854 1918 si
1894 1879 1987 1930 ipse
2019 1879 2342 1931 conscripsisset
2374 1879 2489 1919 hunc
2518 1880 2686 1928 librum,

282 1940 493 1979 interdum
526 1944 572 1977 ut
604 1938 708 1977 alios
740 1950 844 1977 suos
874 1938 1005 1977 libros
1037 1938 1288 1978 laudaturus
1319 1938 1455 1978 fuerit.

494 1996 549 2050 2.)
582 1997 806 2049 cogitata
836 2003 955 2037 sunt
987 1998 1296 2038 Aristotelis.
1363 2009 1416 2037 ne
1449 2009 1582 2037 unum
1613 1996 1784 2050 quidem
1816 1997 1974 2038 dictum
2012 1997 2195 2038 inveniri
2227 2003 2363 2050 potest
2394 1997 2506 2050 quod
2542 1999 2685 2039 vocari

281 2058 415 2111 possit
446 2058 487 2098 in
520 2056 836 2109 suspicionem¹.
1250 2095 1252 2098 .

494 2114 550 2170 3.)
584 2127 843 2155 commune
875 2116 1164 2169 exemplum
1196 2116 1442 2155 traditum
1474 2121 1551 2155 est
1582 2128 1680 2155 non
1711 2117 1902 2155 litteris
1935 2117 2022 2155 sed
2056 2128 2191 2156 voce.

494 2177 727 2227 Utriusque
757 2187 862 2226 ergo
893 2176 989 2215 libri
1020 2177 1143 2226 origo
1174 2189 1269 2215 mea
1300 2176 1470 2227 quidem
1504 2177 1711 2215 sententia
1741 2176 1972 2228 repetenda
2003 2182 2067 2215 est
2097 2177 2240 2228 aliquo
2272 2176 2397 2216 modo
2428 2191 2454 2216 a
2477 2191 2684 2217 commen-

280 2236 410 2285 tariis,
442 2234 515 2288 qui
546 2247 572 2275 a
603 2234 811 2275 tironibus
843 2234 954 2275 notis
985 2235 1152 2287 excepti
1183 2239 1284 2275 sunt
1315 2235 1359 2275 in
1391 2234 1537 2276 schola
1568 2235 1810 2288 philosophi
1842 2234 1894 2276 de
1925 2240 2079 2275 natura
2110 2234 2311 2276 docentis.

493 2294 609 2334 Idem
640 2299 807 2334 constat
838 2294 893 2334 ab
925 2294 1017 2334 aliis
1039 2299 1080 2334 et
1101 2307 1127 2334 a
1148 2295 1284 2347 primo
1307 2294 1536 2346 Scaligero,
1558 2296 1681 2335 cuius
1702 2297 1951 2335 sententiam
1980 2305 2082 2334 mox
2101 2296 2344 2336 accuratius
2366 2307 2686 2347 cognoscemuS,

281 2354 511 2393 iudicatum
544 2364 639 2392 esse
671 2353 724 2392 de
755 2353 848 2391 aliis
880 2353 1122 2405 philosophi
1154 2354 1285 2402 libris,
1317 2354 1568 2406 plerumque
1599 2359 1740 2393 tamen
1772 2360 1818 2393 ut
1846 2366 1960 2393 nunc
1987 2354 2156 2406 quidem
2179 2360 2331 2406 putant
2353 2355 2543 2407 plerique
2564 2355 2685 2402 docti,

281 2413 396 2453 nullo
428 2412 530 2452 iure.
592 2411 667 2451 sed
699 2423 826 2464 spero
857 2412 959 2459 fore,
1003 2419 1047 2452 ut
1083 2417 1288 2465 appareat
1328 2412 1546 2461 rationem,
1589 2425 1718 2466 quam
1759 2424 1838 2452 nos
1880 2413 2049 2460 inimus,
2091 2413 2217 2465 longe
2257 2414 2383 2453 aliam
2424 2426 2519 2454 esse
2558 2420 2686 2466 atque

280 2472 573 2525 plurimorum,
605 2472 678 2524 qui
709 2477 807 2511 ante
839 2472 919 2511 hac
951 2471 1003 2511 de
1035 2484 1080 2511 re
1111 2472 1385 2525 scripserunt.
1435 2473 1514 2513 hoc
1544 2473 1657 2512 enim
1688 2473 1918 2513 tenendum
1949 2478 2032 2512 est:
2069 2473 2111 2512 in
2135 2473 2265 2526 Phys.
2289 2473 2326 2512 H
2348 2484 2425 2513 nos
2449 2475 2685 2526 repperisse

279 2532 406 2579 locos,
438 2531 595 2582 quibus
628 2542 836 2581 apparere
869 2531 1065 2569 videatur
1096 2532 1274 2570 formam
1306 2531 1514 2570 dictorum
1552 2532 1746 2582 orginem
1778 2545 1804 2570 a
1843 2532 1960 2570 nullo
1998 2531 2156 2570 habere
2195 2544 2323 2583 posse
2366 2533 2446 2571 nisi
2485 2545 2511 2571 a
2551 2533 2685 2571 tirone

279 2589 433 2640 aliquo.
495 2588 608 2641 quod
641 2594 849 2641 quantum
882 2589 969 2628 scio
1000 2589 1094 2629 aliis
1125 2589 1177 2629 de
1208 2589 1326 2629 libris
1357 2589 1500 2630 adhuc
1530 2600 1614 2629 non
1646 2589 1872 2641 probatum
1903 2594 1977 2630 est.

494 2647 705 2697 Formam,
737 2660 824 2701 qua
853 2647 977 2688 nobis
1009 2653 1209 2689 servatus
1239 2653 1316 2697 est,
1347 2646 1498 2701 liberss
1528 2648 1688 2702 accepit
1719 2654 1816 2689 ante
1847 2661 1883 2689 a.
1905 2660 1941 2688 a.
1964 2648 2063 2689 Chr.
2085 2661 2125 2689 n.
2148 2649 2245 2693 250.
2277 2661 2416 2703 neque
2446 2650 2556 2689 enim
2587 2649 2684 2689 inde

280 2719 417 2761 usque
433 2708 488 2746 ad
506 2707 739 2746 Andronici
761 2713 952 2760 tempora
969 2708 1206 2746 Aristotelis
1228 2708 1386 2760 scripta
1407 2707 1646 2748 tractabant
1666 2710 1920 2754 accuratius,
1943 2714 1983 2747 et
2004 2714 2102 2759 post
2123 2709 2416 2748 Andronicum
2438 2710 2684 2761 pervenisse

278 2780 375 2806 eum
420 2767 531 2806 hanc
572 2767 617 2805 in
658 2766 837 2806 formam
881 2766 1004 2806 nobis
1046 2779 1096 2806 ea
1137 2767 1188 2806 de
1230 2779 1362 2807 causa
1402 2773 1466 2807 est
1503 2767 1761 2819 negandum,
1799 2767 1915 2820 quod
1946 2767 2124 2807 dubium
2155 2780 2251 2809 esse
2283 2780 2369 2808 non
2401 2773 2549 2820 potest,
2582 2769 2684 2820 quin

279 2824 524 2866 Alexander
555 2824 636 2866 hoc
666 2836 752 2865 non
783 2825 1062 2877 ignoraturus
1093 2830 1133 2867 et
1165 2824 1407 2879 Simplicius
1439 2826 1561 2867 nobis
1593 2825 1828 2867 traditurus
1860 2826 1995 2868 fuerit.

491 2884 708 2933 Quantum
749 2884 828 2923 tiro
868 2884 947 2932 ille,
992 2885 1113 2924 cuius
1156 2897 1212 2924 ex
1254 2885 1392 2925 libello
1433 2886 1610 2925 formam
1644 2900 1671 2925 α
1702 2892 1838 2925 ortam
1878 2898 1975 2926 esse
2011 2886 2211 2934 diximus,
2249 2886 2362 2925 domi
2400 2888 2684 2938 praeceptoris

280 2944 424 2984 verbis
456 2956 567 2997 quae
598 2944 641 2983 in
672 2943 819 2983 schola
850 2942 1145 2996 descripsisset
1175 2944 1396 2993 addiderit,
1428 2950 1636 2997 quantum
1674 2945 1787 2985 idem
1819 2945 1959 2984 valeat
1996 2945 2049 2984 de
2079 2951 2253 2986 auctore
2289 2946 2449 2985 formae
2478 2943 2512 2997 β
2541 2946 2607 2985 vel
2638 2959 2682 2997 y,

279 3008 487 3055 quantum
519 3003 702 3056 denique
733 3002 927 3042 redactor
957 3002 1131 3042 ultimus
1164 3003 1232 3042 vel
1263 3003 1517 3051 redactores,
1549 3015 1646 3043 cum
1678 3004 1936 3044 insereretur
1976 3004 1999 3043 l.
2028 3004 2077 3043 H.
2119 3004 2161 3044 in
2200 3005 2351 3044 seriem
2390 3004 2683 3056 physicorum,

278 3061 496 3114 exemplar
527 3067 756 3115 utrumque
794 3061 1116 3101 retractaverint
1156 3084 1210 3089 —
1256 3062 1361 3102 haec
1396 3063 1537 3102 omnia
1574 3063 1826 3114 ignoramus
1862 3062 2000 3115 plane.
2063 3070 2289 3116 utramque
2329 3068 2467 3103 autem
2504 3062 2682 3102 formam

279 3121 451 3161 omnino
483 3128 782 3160 commutatam
814 3132 908 3160 esse
941 3120 1064 3160 etiam
1097 3126 1193 3174 post
1224 3134 1275 3161 ea
1306 3127 1497 3174 tempora
1528 3122 1684 3175 quibus
1716 3122 1933 3162 doctrinae
1967 3123 2257 3163 Aristotelicae
2290 3122 2414 3163 studii
2447 3127 2487 3162 et
2517 3123 2682 3162 institu-

279 3181 405 3221 tionis
437 3192 568 3220 causa
599 3179 860 3233 peripatetici
891 3180 952 3220 eis
984 3186 1203 3221 uterentur
1233 3186 1273 3221 et
1297 3178 1330 3233 β
1360 3181 1531 3234 quidem
1565 3186 1611 3221 ut
1641 3182 1699 3222 ita
1720 3181 1857 3223 dicam
1879 3181 2255 3223 transformaretur
2277 3182 2362 3222 fere
2383 3182 2425 3222 in
2448 3196 2486 3231 α,
2507 3188 2684 3235 apparet

278 3240 460 3279 dilucide
491 3239 662 3279 duobus
693 3240 808 3288 locis,
839 3240 1010 3292 quibuS,
1041 3246 1087 3280 ut
1118 3239 1230 3279 bono
1262 3241 1353 3279 iure
1384 3241 1408 3279 l.
1432 3240 1480 3280 H.
1502 3241 1736 3280 inseruisse
1769 3242 1997 3290 videretur,
2029 3242 2224 3281 redactor
2245 3247 2414 3281 revocet
2443 3242 2516 3293 qui
2536 3242 2684 3293 legunt

279 3299 323 3338 in
355 3298 461 3338 alios
492 3298 702 3350 quosdam
735 3298 878 3348 libros,
916 3298 1008 3338 dico
1041 3298 1138 3338 Prtl.
1166 3311 1206 3352 p.
1241 3299 1362 3348 139,4
1408 3295 1587 3355 ν,εξοηται
1618 3297 1665 3339 δὲ
1695 3299 1787 3354 περὶ
1819 3298 1968 3339 τούτων
1998 3299 2039 3339 ἐν
2070 3303 2153 3350 τοῖς
2181 3299 2404 3355 πρότερον
2442 3299 2516 3353 (sc.
2539 3300 2562 3339 l.
2586 3298 2683 3355 V‚4)

278 3363 318 3397 et
349 3357 458 3397 Bkk.
480 3369 521 3409 p.
546 3355 696 3396 247b7
730 3355 853 3411 (alter
883 3357 1043 3397 formae
1073 3363 1137 3397 est
1168 3372 1207 3407 a,
1238 3359 1343 3398 alter
1372 3356 1420 3412 β)
1457 3359 1607 3403 ν,ταῦτ-αι
1638 3356 1829 3414 ὃέξοηται
1861 3359 1924 3398 καὶ
1956 3358 1997 3399 ἐν
2028 3361 2111 3408 τοῖς
2138 3358 2371 3415 πρότερον.
2411 3361 2482 3398 alii
2514 3371 2686 3413 quoque

277 3417 517 3467 complures
558 3416 748 3455 eiusdem
787 3417 875 3456 fere
916 3417 1030 3455 modi
1073 3417 1149 3456 loci
1192 3423 1361 3456 exstant
1397 3419 1442 3457 in
1483 3418 1533 3466 H,
1574 3418 1627 3457 de
1668 3419 1826 3470 quibus
1866 3420 2003 3470 primo
2044 3421 2168 3471 quasi
2205 3425 2380 3471 aspectu
2422 3419 2518 3471 quis
2549 3420 2686 3470 possit

277 3475 483 3523 dubitare,
525 3479 624 3514 sunt
667 3474 752 3515 247
762 3473 846 3515 ι’12
888 3480 928 3515 et
969 3472 1132 3525 248121,
1171 3488 1311 3529 neque
1351 3481 1491 3516 tamen
1534 3476 1619 3517 ulla
1662 3489 1708 3517 re
1751 3488 1983 3530 possumus
2025 3478 2121 3530 cogi
2163 3490 2323 3531 negare
2361 3477 2438 3518 hos
2476 3477 2590 3518 locos
2629 3477 2686 3519 ad

494 3602 503 3624 ¹
529 3602 578 3639 cf.
597 3602 913 3640 dissertationem
939 3613 1077 3640 meam.
