<?xml version="1.0" encoding="UTF-8"?>
<!DOCTYPE html PUBLIC "-//W3C//DTD XHTML 1.0 Transitional//EN"
    "http://www.w3.org/TR/xhtml1/DTD/xhtml1-transitional.dtd">
<html xmlns="http://www.w3.org/1999/xhtml" xml:lang="en" lang="en">
 <head>
  <title>
</title>
<meta http-equiv="Content-Type" content="text/html;charset=utf-8" />
  <meta name='ocr-system' content='tesseract 3.04.00' />
  <meta name='ocr-capabilities' content='ocr_page ocr_carea ocr_par ocr_line ocrx_word'/>
</head>
<body>
  <div class='ocr_page' id='page_1' title='image "./4627566_0014.png"; bbox 0 0 3005 4009; ppageno 0'>
   <div class='ocr_carea' id='block_1_1' title="bbox 1342 276 1620 316">
    <p class='ocr_par' dir='ltr' id='par_1_1' title="bbox 1342 276 1620 316">
     <span class='ocr_line' id='line_1_1' title="bbox 1342 276 1620 316; baseline 0 -11"><span class='ocrx_word' id='word_1_1' title='bbox 1342 276 1620 316; x_wconf 73' lang='lat'>-13-</span> 
     </span>
    </p>
   </div>
   <div class='ocr_carea' id='block_1_2' title="bbox 264 427 2692 3376">
    <p class='ocr_par' dir='ltr' id='par_1_2' title="bbox 272 427 2691 664">
     <span class='ocr_line' id='line_1_2' title="bbox 273 427 2690 488; baseline 0 -16"><span class='ocrx_word' id='word_1_2' title='bbox 273 428 477 488; x_wconf 87' lang='grc' dir='ltr'><em>διατίθησι</em></span> <span class='ocrx_word' id='word_1_3' title='bbox 509 430 554 472; x_wconf 86' lang='grc' dir='ltr'><em>τὸ</em></span> <span class='ocrx_word' id='word_1_4' title='bbox 585 427 704 488; x_wconf 78' lang='grc' dir='ltr'><em>ἔχον·</em></span> <span class='ocrx_word' id='word_1_5' title='bbox 718 429 842 472; x_wconf 75' lang='grc' dir='ltr'><em>οἰκεῖα</em></span> <span class='ocrx_word' id='word_1_6' title='bbox 875 428 1014 485; x_wconf 76' lang='grc' dir='ltr'><strong>δὺφ”</strong></span> <span class='ocrx_word' id='word_1_7' title='bbox 983 445 1039 471; x_wconf 90' lang='grc' dir='ltr'><strong>ων</strong></span> <span class='ocrx_word' id='word_1_8' title='bbox 1072 428 1283 483; x_wconf 86' lang='grc' dir='ltr'><em>γίγνεσθαι</em></span> <span class='ocrx_word' id='word_1_9' title='bbox 1314 429 1376 471; x_wconf 80' lang='grc' dir='ltr'><strong>καὶ</strong></span> <span class='ocrx_word' id='word_1_10' title='bbox 1409 427 1661 487; x_wconf 70' lang='grc' dir='ltr'><em>φθείρεσθαι</em></span> <span class='ocrx_word' id='word_1_11' title='bbox 1692 428 1872 485; x_wconf 83' lang='grc' dir='ltr'><em>πέφυκεν.</em></span> <span class='ocrx_word' id='word_1_12' title='bbox 2181 431 2247 472; x_wconf 83' lang='grc'>6111</span> <span class='ocrx_word' id='word_1_13' title='bbox 2280 430 2539 485; x_wconf 85' lang='lat' dir='ltr'><strong>respondent</strong></span> <span class='ocrx_word' id='word_1_14' title='bbox 2570 431 2611 472; x_wconf 89' lang='lat' dir='ltr'><strong>in</strong></span> <span class='ocrx_word' id='word_1_15' title='bbox 2643 429 2690 485; x_wconf 73' lang='grc' dir='ltr'><em>βε</em></span> 
     </span>
     <span class='ocr_line' id='line_1_3' title="bbox 273 487 2690 562; baseline -0 -31"><span class='ocrx_word' id='word_1_16' title='bbox 273 490 406 547; x_wconf 82' lang='grc' dir='ltr'><em>ἀρετὴ</em></span> <span class='ocrx_word' id='word_1_17' title='bbox 438 490 484 531; x_wconf 84' lang='grc' dir='ltr'><strong>δὲ</strong></span> <span class='ocrx_word' id='word_1_18' title='bbox 516 493 630 530; x_wconf 85' lang='grc' dir='ltr'><em>πᾶσα</em></span> <span class='ocrx_word' id='word_1_19' title='bbox 662 490 727 530; x_wconf 78' lang='grc' dir='ltr'><strong>καὶ</strong></span> <span class='ocrx_word' id='word_1_20' title='bbox 759 489 875 530; x_wconf 90' lang='grc' dir='ltr'><em>κακία</em></span> <span class='ocrx_word' id='word_1_21' title='bbox 907 492 992 530; x_wconf 83' lang='grc' dir='ltr'><strong>τῶν</strong></span> <span class='ocrx_word' id='word_1_22' title='bbox 1026 489 1126 560; x_wconf 76' lang='grc' dir='ltr'><em>πρός</em></span> <span class='ocrx_word' id='word_1_23' title='bbox 1154 504 1205 533; x_wconf 88' lang='grc' dir='ltr'><strong>τι,</strong></span> <span class='ocrx_word' id='word_1_24' title='bbox 1239 488 1428 545; x_wconf 83' lang='grc' dir='ltr'><em>καθάπερ</em></span> <span class='ocrx_word' id='word_1_25' title='bbox 1465 491 1489 546; x_wconf 84' lang='lat'><strong>7</strong></span> <span class='ocrx_word' id='word_1_26' title='bbox 1516 489 1594 544; x_wconf 86' lang='grc' dir='ltr'><strong>μὲν</strong></span> <span class='ocrx_word' id='word_1_27' title='bbox 1633 489 1759 543; x_wconf 80' lang='grc' dir='ltr'><em>ὑγίεια</em></span> <span class='ocrx_word' id='word_1_28' title='bbox 1793 488 1962 545; x_wconf 85' lang='grc' dir='ltr'><em>θερμῶν</em></span> <span class='ocrx_word' id='word_1_29' title='bbox 2001 490 2066 530; x_wconf 79' lang='grc' dir='ltr'><strong>καὶ</strong></span> <span class='ocrx_word' id='word_1_30' title='bbox 2097 491 2271 562; x_wconf 71' lang='grc' dir='ltr'><em>ψυχρῶν</em></span> <span class='ocrx_word' id='word_1_31' title='bbox 2312 489 2536 546; x_wconf 78' lang='grc' dir='ltr'><em>συμμετρία</em></span> <span class='ocrx_word' id='word_1_32' title='bbox 2573 505 2631 539; x_wconf 86' lang='grc' dir='ltr'><strong>τις</strong></span> <span class='ocrx_word' id='word_1_33' title='bbox 2665 487 2690 548; x_wconf 81' lang='grc' dir='ltr'>ἢ</span> 
     </span>
     <span class='ocr_line' id='line_1_4' title="bbox 272 547 2691 606; baseline 0 -17"><span class='ocrx_word' id='word_1_34' title='bbox 272 552 350 590; x_wconf 85' lang='grc' dir='ltr'><strong>τῶν</strong></span> <span class='ocrx_word' id='word_1_35' title='bbox 382 549 497 598; x_wconf 84' lang='grc' dir='ltr'><em>ἐντὸς</em></span> <span class='ocrx_word' id='word_1_36' title='bbox 525 547 551 605; x_wconf 82' lang='grc' dir='ltr'>ἢ</span> <span class='ocrx_word' id='word_1_37' title='bbox 583 549 684 604; x_wconf 85' lang='grc' dir='ltr'><em>πρὸς</em></span> <span class='ocrx_word' id='word_1_38' title='bbox 712 550 757 588; x_wconf 80' lang='grc' dir='ltr'><em>τὺ</em></span> <span class='ocrx_word' id='word_1_39' title='bbox 789 548 996 606; x_wconf 75' lang='grc' dir='ltr'><em>περιέχον,</em></span> <span class='ocrx_word' id='word_1_40' title='bbox 1028 548 1176 602; x_wconf 73' lang='grc' dir='ltr'><em>ὁμοίως</em></span> <span class='ocrx_word' id='word_1_41' title='bbox 1204 549 1251 589; x_wconf 89' lang='grc' dir='ltr'><strong>δὲ</strong></span> <span class='ocrx_word' id='word_1_42' title='bbox 1288 564 1352 589; x_wconf 91' lang='grc' dir='ltr'><strong>και</strong></span> <span class='ocrx_word' id='word_1_43' title='bbox 1391 550 1434 588; x_wconf 85' lang='grc' dir='ltr'><em>τὺ</em></span> <span class='ocrx_word' id='word_1_44' title='bbox 1475 549 1619 597; x_wconf 79' lang='grc' dir='ltr'><em>κάλλος</em></span> <span class='ocrx_word' id='word_1_45' title='bbox 1653 549 1718 589; x_wconf 77' lang='grc' dir='ltr'><strong>καὶ</strong></span> <span class='ocrx_word' id='word_1_46' title='bbox 1760 550 1784 605; x_wconf 76' lang='grc' dir='ltr'><strong><em>ἡ</em></strong></span> <span class='ocrx_word' id='word_1_47' title='bbox 1826 549 1942 606; x_wconf 77' lang='grc' dir='ltr'><em>ἰσχὺς</em></span> <span class='ocrx_word' id='word_1_48' title='bbox 1980 552 2066 589; x_wconf 85' lang='grc' dir='ltr'><strong>τῶν</strong></span> <span class='ocrx_word' id='word_1_49' title='bbox 2109 549 2210 604; x_wconf 89' lang='grc' dir='ltr'><em>πρός</em></span> <span class='ocrx_word' id='word_1_50' title='bbox 2252 564 2295 589; x_wconf 90' lang='grc' dir='ltr'><strong>τι·</strong></span> <span class='ocrx_word' id='word_1_51' title='bbox 2366 548 2574 598; x_wconf 86' lang='grc' dir='ltr'><em>διαθέσεις</em></span> <span class='ocrx_word' id='word_1_52' title='bbox 2613 550 2691 605; x_wconf 81' lang='grc' dir='ltr'><em>γάρ</em></span> 
     </span>
     <span class='ocr_line' id='line_1_5' title="bbox 275 606 2689 674; baseline 0 -26"><span class='ocrx_word' id='word_1_53' title='bbox 275 623 373 656; x_wconf 92' lang='grc' dir='ltr'><em>τινες</em></span> <span class='ocrx_word' id='word_1_54' title='bbox 402 610 471 648; x_wconf 86' lang='grc' dir='ltr'><em>τοῦ</em></span> <span class='ocrx_word' id='word_1_55' title='bbox 502 607 716 660; x_wconf 82' lang='grc' dir='ltr'><em>βελτίστου</em></span> <span class='ocrx_word' id='word_1_56' title='bbox 747 609 848 674; x_wconf 79' lang='grc' dir='ltr'><em>πρὸς</em></span> <span class='ocrx_word' id='word_1_57' title='bbox 876 610 920 647; x_wconf 79' lang='grc' dir='ltr'><em>τὸ</em></span> <span class='ocrx_word' id='word_1_58' title='bbox 953 607 1137 661; x_wconf 83' lang='grc' dir='ltr'><em>ἄριστον,</em></span> <span class='ocrx_word' id='word_1_59' title='bbox 1170 606 1274 660; x_wconf 87' lang='grc' dir='ltr'><em>λέγω</em></span> <span class='ocrx_word' id='word_1_60' title='bbox 1314 607 1360 647; x_wconf 86' lang='grc' dir='ltr'><strong>δὲ</strong></span> <span class='ocrx_word' id='word_1_61' title='bbox 1397 607 1441 647; x_wconf 84' lang='grc' dir='ltr'><em>τὸ</em></span> <span class='ocrx_word' id='word_1_62' title='bbox 1470 606 1681 659; x_wconf 85' lang='grc' dir='ltr'><em>βέλτιστον</em></span> <span class='ocrx_word' id='word_1_63' title='bbox 1723 609 1767 648; x_wconf 84' lang='grc' dir='ltr'><em>τὸ</em></span> <span class='ocrx_word' id='word_1_64' title='bbox 1810 607 1946 665; x_wconf 75' lang='grc' dir='ltr'><em>σωζον</em></span> <span class='ocrx_word' id='word_1_65' title='bbox 1987 624 2052 648; x_wconf 87' lang='grc' dir='ltr'><strong>και</strong></span> <span class='ocrx_word' id='word_1_66' title='bbox 2093 607 2274 649; x_wconf 87' lang='grc' dir='ltr'><em>διατιθὲν</em></span> <span class='ocrx_word' id='word_1_67' title='bbox 2313 622 2406 663; x_wconf 89' lang='grc' dir='ltr'><em>περι</em></span> <span class='ocrx_word' id='word_1_68' title='bbox 2448 608 2514 664; x_wconf 71' lang='grc' dir='ltr'><strong>τὴν</strong></span> <span class='ocrx_word' id='word_1_69' title='bbox 2554 607 2689 663; x_wconf 84' lang='grc' dir='ltr'><em>φύσιν.</em></span> 
     </span>
    </p>

    <p class='ocr_par' dir='ltr' id='par_1_3' title="bbox 270 665 2692 1370">
     <span class='ocr_line' id='line_1_6' title="bbox 488 665 2690 741; baseline 0 -33"><span class='ocrx_word' id='word_1_70' title='bbox 488 667 623 708; x_wconf 84' lang='grc' dir='ltr'>Ν6160</span> <span class='ocrx_word' id='word_1_71' title='bbox 665 675 728 708; x_wconf 90' lang='grc'><strong>681</strong></span> <span class='ocrx_word' id='word_1_72' title='bbox 771 668 875 720; x_wconf 93' lang='lat' dir='ltr'><strong>quin</strong></span> <span class='ocrx_word' id='word_1_73' title='bbox 914 667 1057 707; x_wconf 85' lang='lat' dir='ltr'><strong>videat</strong></span> <span class='ocrx_word' id='word_1_74' title='bbox 1096 667 1345 707; x_wconf 87' lang='lat' dir='ltr'><strong>sententiam</strong></span> <span class='ocrx_word' id='word_1_75' title='bbox 1385 665 1594 716; x_wconf 80' lang='grc' dir='ltr'><em>διαθέσεις</em></span> <span class='ocrx_word' id='word_1_76' title='bbox 1633 667 1710 722; x_wconf 82' lang='grc' dir='ltr'><em>γάρ</em></span> <span class='ocrx_word' id='word_1_77' title='bbox 1748 681 1849 741; x_wconf 81' lang='grc' dir='ltr'><em>τινες</em></span> <span class='ocrx_word' id='word_1_78' title='bbox 1883 667 1927 707; x_wconf 76' lang='grc' dir='ltr'><em>τὸ</em></span> <span class='ocrx_word' id='word_1_79' title='bbox 1965 665 2132 721; x_wconf 83' lang='grc' dir='ltr'><em>ἄριστον</em></span> <span class='ocrx_word' id='word_1_80' title='bbox 2165 679 2260 707; x_wconf 89' lang='grc'>6886</span> <span class='ocrx_word' id='word_1_81' title='bbox 2292 668 2487 720; x_wconf 85' lang='lat' dir='ltr'><strong>ineptam.</strong></span> <span class='ocrx_word' id='word_1_82' title='bbox 2550 668 2690 720; x_wconf 89' lang='lat' dir='ltr'><strong>Topic.</strong></span> 
     </span>
     <span class='ocr_line' id='line_1_7' title="bbox 276 723 2692 782; baseline 0 -16"><span class='ocrx_word' id='word_1_83' title='bbox 276 723 319 766; x_wconf 91' lang='grc' dir='ltr'><em>Ι.</em></span> <span class='ocrx_word' id='word_1_84' title='bbox 349 728 383 775; x_wconf 91' lang='grc'><strong>1,</strong></span> <span class='ocrx_word' id='word_1_85' title='bbox 411 724 587 767; x_wconf 75' lang='lat' dir='ltr'>116b18</span> <span class='ocrx_word' id='word_1_86' title='bbox 627 739 719 780; x_wconf 90' lang='lat' dir='ltr'><strong>sqq.</strong></span> <span class='ocrx_word' id='word_1_87' title='bbox 791 726 911 778; x_wconf 89' lang='lat' dir='ltr'><strong>legas</strong></span> <span class='ocrx_word' id='word_1_88' title='bbox 955 726 1167 766; x_wconf 85' lang='lat' dir='ltr'><strong>finitiones</strong></span> <span class='ocrx_word' id='word_1_89' title='bbox 1211 726 1518 766; x_wconf 89' lang='lat' dir='ltr'><strong>vocabulorum</strong></span> <span class='ocrx_word' id='word_1_90' title='bbox 1563 724 1702 777; x_wconf 81' lang='grc' dir='ltr'><em>ὑγίεια,</em></span> <span class='ocrx_word' id='word_1_91' title='bbox 1749 725 1879 782; x_wconf 74' lang='grc' dir='ltr'><em>ἰσχύς.</em></span> <span class='ocrx_word' id='word_1_92' title='bbox 1924 726 2074 774; x_wconf 74' lang='grc' dir='ltr'><em>κάλλος.</em></span> <span class='ocrx_word' id='word_1_93' title='bbox 2145 726 2220 765; x_wconf 92' lang='lat' dir='ltr'><strong>sed</strong></span> <span class='ocrx_word' id='word_1_94' title='bbox 2261 738 2410 766; x_wconf 82' lang='lat' dir='ltr'><strong>eamne</strong></span> <span class='ocrx_word' id='word_1_95' title='bbox 2459 738 2692 779; x_wconf 85' lang='lat' dir='ltr'><strong>sequamur</strong></span> 
     </span>
     <span class='ocr_line' id='line_1_8' title="bbox 273 785 2691 837; baseline 0.001 -14"><span class='ocrx_word' id='word_1_96' title='bbox 273 787 492 834; x_wconf 89' lang='lat' dir='ltr'><strong>rationem,</strong></span> <span class='ocrx_word' id='word_1_97' title='bbox 525 792 571 825; x_wconf 89' lang='lat' dir='ltr'><strong>ut</strong></span> <span class='ocrx_word' id='word_1_98' title='bbox 603 787 707 824; x_wconf 86' lang='lat' dir='ltr'><strong>satis</strong></span> <span class='ocrx_word' id='word_1_99' title='bbox 739 797 835 825; x_wconf 86' lang='lat' dir='ltr'><strong>esse</strong></span> <span class='ocrx_word' id='word_1_100' title='bbox 866 785 1070 832; x_wconf 88' lang='lat' dir='ltr'><strong>dicamus,</strong></span> <span class='ocrx_word' id='word_1_101' title='bbox 1103 785 1138 823; x_wconf 91' lang='lat' dir='ltr'><strong>si</strong></span> <span class='ocrx_word' id='word_1_102' title='bbox 1177 791 1383 836; x_wconf 84' lang='lat' dir='ltr'><strong>appareat</strong></span> <span class='ocrx_word' id='word_1_103' title='bbox 1416 796 1545 824; x_wconf 88' lang='lat' dir='ltr'><strong>voces</strong></span> <span class='ocrx_word' id='word_1_104' title='bbox 1577 786 1669 823; x_wconf 89' lang='lat' dir='ltr'><strong>illas</strong></span> <span class='ocrx_word' id='word_1_105' title='bbox 1701 798 1796 824; x_wconf 88' lang='lat' dir='ltr'><strong>esse</strong></span> <span class='ocrx_word' id='word_1_106' title='bbox 1828 786 2022 836; x_wconf 77' lang='lat' dir='ltr'><strong>ineptas?</strong></span> <span class='ocrx_word' id='word_1_107' title='bbox 2085 786 2265 836; x_wconf 73' lang='lat' dir='ltr'><strong>ineptiae</strong></span> <span class='ocrx_word' id='word_1_108' title='bbox 2301 797 2473 837; x_wconf 89' lang='lat' dir='ltr'><strong>quoque</strong></span> <span class='ocrx_word' id='word_1_109' title='bbox 2509 785 2691 825; x_wconf 82' lang='lat' dir='ltr'><strong>fortasse</strong></span> 
     </span>
     <span class='ocr_line' id='line_1_9' title="bbox 273 843 2689 895; baseline 0 -12"><span class='ocrx_word' id='word_1_110' title='bbox 273 844 398 883; x_wconf 88' lang='lat' dir='ltr'><strong>nobis</strong></span> <span class='ocrx_word' id='word_1_111' title='bbox 430 845 474 884; x_wconf 91' lang='lat' dir='ltr'><strong>in</strong></span> <span class='ocrx_word' id='word_1_112' title='bbox 507 856 634 882; x_wconf 92' lang='lat' dir='ltr'><strong>usum</strong></span> <span class='ocrx_word' id='word_1_113' title='bbox 669 844 815 883; x_wconf 90' lang='lat' dir='ltr'><strong>venire</strong></span> <span class='ocrx_word' id='word_1_114' title='bbox 846 849 1037 895; x_wconf 85' lang='lat' dir='ltr'><strong>possunt.</strong></span> <span class='ocrx_word' id='word_1_115' title='bbox 1080 855 1180 882; x_wconf 88' lang='lat' dir='ltr'><strong>nam</strong></span> <span class='ocrx_word' id='word_1_116' title='bbox 1212 844 1355 895; x_wconf 88' lang='lat' dir='ltr'><strong>aliquo</strong></span> <span class='ocrx_word' id='word_1_117' title='bbox 1387 843 1513 882; x_wconf 91' lang='lat' dir='ltr'><strong>modo</strong></span> <span class='ocrx_word' id='word_1_118' title='bbox 1544 855 1618 882; x_wconf 89' lang='lat' dir='ltr'><strong>eas</strong></span> <span class='ocrx_word' id='word_1_119' title='bbox 1651 855 1824 883; x_wconf 89' lang='lat' dir='ltr'><strong>necesse</strong></span> <span class='ocrx_word' id='word_1_120' title='bbox 1855 849 1918 882; x_wconf 87' lang='lat' dir='ltr'><strong>est</strong></span> <span class='ocrx_word' id='word_1_121' title='bbox 1950 843 1991 882; x_wconf 91' lang='lat' dir='ltr'><strong>in</strong></span> <span class='ocrx_word' id='word_1_122' title='bbox 2027 853 2163 882; x_wconf 86' lang='lat' dir='ltr'><strong>meme</strong></span> <span class='ocrx_word' id='word_1_123' title='bbox 2197 843 2412 882; x_wconf 87' lang='lat' dir='ltr'><strong>hominum</strong></span> <span class='ocrx_word' id='word_1_124' title='bbox 2442 848 2558 882; x_wconf 86' lang='lat' dir='ltr'><strong>ortas</strong></span> <span class='ocrx_word' id='word_1_125' title='bbox 2585 855 2689 883; x_wconf 91' lang='lat' dir='ltr'><strong>esse.</strong></span> 
     </span>
     <span class='ocr_line' id='line_1_10' title="bbox 272 899 2690 955; baseline 0 -14"><span class='ocrx_word' id='word_1_126' title='bbox 272 902 376 955; x_wconf 93' lang='lat' dir='ltr'><strong>quid</strong></span> <span class='ocrx_word' id='word_1_127' title='bbox 409 903 647 954; x_wconf 81' lang='lat' dir='ltr'><strong>cogitemus</strong></span> <span class='ocrx_word' id='word_1_128' title='bbox 679 902 731 941; x_wconf 92' lang='lat' dir='ltr'><strong>de</strong></span> <span class='ocrx_word' id='word_1_129' title='bbox 763 902 970 941; x_wconf 90' lang='lat' dir='ltr'><strong>sententia</strong></span> <span class='ocrx_word' id='word_1_130' title='bbox 1001 901 1099 940; x_wconf 79' lang='lat' dir='ltr'><strong>illa?</strong></span> <span class='ocrx_word' id='word_1_131' title='bbox 1150 914 1235 953; x_wconf 85' lang='lat' dir='ltr'><strong>age</strong></span> <span class='ocrx_word' id='word_1_132' title='bbox 1256 902 1415 941; x_wconf 88' lang='lat' dir='ltr'><strong>omissa</strong></span> <span class='ocrx_word' id='word_1_133' title='bbox 1437 902 1656 953; x_wconf 79' lang='lat' dir='ltr'><strong>paulisper</strong></span> <span class='ocrx_word' id='word_1_134' title='bbox 1679 903 1758 941; x_wconf 90' lang='lat' dir='ltr'><strong>hac</strong></span> <span class='ocrx_word' id='word_1_135' title='bbox 1778 902 2095 941; x_wconf 80' lang='lat' dir='ltr'><strong>continuamus:</strong></span> <span class='ocrx_word' id='word_1_136' title='bbox 2134 899 2249 953; x_wconf 81' lang='grc' dir='ltr'><em>,λέγω</em></span> <span class='ocrx_word' id='word_1_137' title='bbox 2270 899 2318 941; x_wconf 90' lang='grc' dir='ltr'><strong>δὲ</strong></span> <span class='ocrx_word' id='word_1_138' title='bbox 2340 900 2384 940; x_wconf 85' lang='grc' dir='ltr'><em>τὸ</em></span> <span class='ocrx_word' id='word_1_139' title='bbox 2397 899 2690 953; x_wconf 67' lang='grc' dir='ltr'><em>βέλτιστον...*,</em></span> 
     </span>
     <span class='ocr_line' id='line_1_11' title="bbox 272 958 2689 1017; baseline 0 -16"><span class='ocrx_word' id='word_1_140' title='bbox 272 975 384 1014; x_wconf 85' lang='lat' dir='ltr'><strong>quae</strong></span> <span class='ocrx_word' id='word_1_141' title='bbox 428 973 609 1014; x_wconf 90' lang='lat' dir='ltr'><strong>prorsus</strong></span> <span class='ocrx_word' id='word_1_142' title='bbox 653 968 717 1001; x_wconf 90' lang='lat' dir='ltr'><strong>est</strong></span> <span class='ocrx_word' id='word_1_143' title='bbox 759 962 1026 1001; x_wconf 88' lang='lat' dir='ltr'><strong>Aristotelica</strong></span> <span class='ocrx_word' id='word_1_144' title='bbox 1068 962 1288 1001; x_wconf 89' lang='lat' dir='ltr'><strong>sententia.</strong></span> <span class='ocrx_word' id='word_1_145' title='bbox 1361 961 1473 1001; x_wconf 82' lang='lat' dir='ltr'><strong>hanc</strong></span> <span class='ocrx_word' id='word_1_146' title='bbox 1509 974 1645 1013; x_wconf 90' lang='lat' dir='ltr'><strong>aeque</strong></span> <span class='ocrx_word' id='word_1_147' title='bbox 1683 974 1734 1001; x_wconf 90' lang='lat' dir='ltr'><strong>ac</strong></span> <span class='ocrx_word' id='word_1_148' title='bbox 1770 961 1882 1000; x_wconf 91' lang='lat' dir='ltr'><strong>illam</strong></span> <span class='ocrx_word' id='word_1_149' title='bbox 1924 959 2141 1015; x_wconf 59' lang='lat' dir='ltr'><strong>,cipe-27...</strong></span> <span class='ocrx_word' id='word_1_150' title='bbox 2182 959 2207 1017; x_wconf 76' lang='grc' dir='ltr'><em>ἡ</em></span> <span class='ocrx_word' id='word_1_151' title='bbox 2246 958 2364 1017; x_wconf 76' lang='grc' dir='ltr'><em>ἰσχὺς</em></span> <span class='ocrx_word' id='word_1_152' title='bbox 2400 962 2478 1001; x_wconf 86' lang='grc' dir='ltr'><strong>τῶν</strong></span> <span class='ocrx_word' id='word_1_153' title='bbox 2515 958 2615 1016; x_wconf 84' lang='grc' dir='ltr'><em>πρός</em></span> <span class='ocrx_word' id='word_1_154' title='bbox 2643 964 2689 1002; x_wconf 72' lang='grc' dir='ltr'><strong>τιι</strong></span> 
     </span>
     <span class='ocr_line' id='line_1_12' title="bbox 272 1018 2689 1072; baseline 0 -12"><span class='ocrx_word' id='word_1_155' title='bbox 272 1026 422 1061; x_wconf 82' lang='lat' dir='ltr'><strong>auctor</strong></span> <span class='ocrx_word' id='word_1_156' title='bbox 452 1021 614 1060; x_wconf 88' lang='lat' dir='ltr'><strong>formae</strong></span> <span class='ocrx_word' id='word_1_157' title='bbox 638 1018 672 1071; x_wconf 88' lang='grc' dir='ltr'><em>β</em></span> <span class='ocrx_word' id='word_1_158' title='bbox 704 1026 813 1060; x_wconf 91' lang='grc'>16616</span> <span class='ocrx_word' id='word_1_159' title='bbox 847 1020 1018 1072; x_wconf 92' lang='lat' dir='ltr'><strong>quidem</strong></span> <span class='ocrx_word' id='word_1_160' title='bbox 1050 1020 1239 1072; x_wconf 87' lang='lat' dir='ltr'><strong>scripsit;</strong></span> <span class='ocrx_word' id='word_1_161' title='bbox 1272 1019 1346 1059; x_wconf 88' lang='lat' dir='ltr'><strong>sed</strong></span> <span class='ocrx_word' id='word_1_162' title='bbox 1380 1020 1422 1059; x_wconf 91' lang='lat' dir='ltr'><strong>in</strong></span> <span class='ocrx_word' id='word_1_163' title='bbox 1455 1020 1674 1071; x_wconf 89' lang='lat' dir='ltr'><strong>proposito</strong></span> <span class='ocrx_word' id='word_1_164' title='bbox 1706 1020 1937 1071; x_wconf 84' lang='lat' dir='ltr'><strong>exemplari</strong></span> <span class='ocrx_word' id='word_1_165' title='bbox 1970 1020 2124 1059; x_wconf 84' lang='lat' dir='ltr'><strong>lacuna</strong></span> <span class='ocrx_word' id='word_1_166' title='bbox 2154 1025 2245 1059; x_wconf 86' lang='lat' dir='ltr'><strong>erat</strong></span> <span class='ocrx_word' id='word_1_167' title='bbox 2277 1020 2358 1059; x_wconf 89' lang='lat' dir='ltr'><strong>hoc</strong></span> <span class='ocrx_word' id='word_1_168' title='bbox 2388 1019 2491 1068; x_wconf 90' lang='lat' dir='ltr'><strong>loco,</strong></span> <span class='ocrx_word' id='word_1_169' title='bbox 2530 1031 2616 1072; x_wconf 90' lang='lat' dir='ltr'><strong>quo</strong></span> <span class='ocrx_word' id='word_1_170' title='bbox 2647 1020 2689 1060; x_wconf 91' lang='lat' dir='ltr'><strong>id</strong></span> 
     </span>
     <span class='ocr_line' id='line_1_13' title="bbox 272 1077 2688 1131; baseline 0 -13"><span class='ocrx_word' id='word_1_171' title='bbox 272 1079 445 1127; x_wconf 89' lang='lat' dir='ltr'><strong>dictum,</strong></span> <span class='ocrx_word' id='word_1_172' title='bbox 477 1079 593 1131; x_wconf 91' lang='lat' dir='ltr'><strong>quod</strong></span> <span class='ocrx_word' id='word_1_173' title='bbox 625 1079 734 1118; x_wconf 91' lang='lat' dir='ltr'><strong>libro</strong></span> <span class='ocrx_word' id='word_1_174' title='bbox 766 1092 792 1117; x_wconf 94' lang='grc' dir='ltr'><em>α</em></span> <span class='ocrx_word' id='word_1_175' title='bbox 824 1084 1043 1118; x_wconf 89' lang='lat' dir='ltr'><strong>servatum</strong></span> <span class='ocrx_word' id='word_1_176' title='bbox 1077 1085 1153 1126; x_wconf 80' lang='lat' dir='ltr'><strong>est,</strong></span> <span class='ocrx_word' id='word_1_177' title='bbox 1188 1078 1302 1130; x_wconf 92' lang='lat' dir='ltr'><strong>quod</strong></span> <span class='ocrx_word' id='word_1_178' title='bbox 1340 1078 1395 1117; x_wconf 88' lang='lat' dir='ltr'><strong>ad</strong></span> <span class='ocrx_word' id='word_1_179' title='bbox 1428 1078 1475 1117; x_wconf 89' lang='grc' dir='ltr'><em>τὰ</em></span> <span class='ocrx_word' id='word_1_180' title='bbox 1507 1077 1635 1117; x_wconf 80' lang='grc' dir='ltr'><em>οἰκεῖα</em></span> <span class='ocrx_word' id='word_1_181' title='bbox 1674 1079 1865 1130; x_wconf 80' lang='lat' dir='ltr'><strong>pertinet,</strong></span> <span class='ocrx_word' id='word_1_182' title='bbox 1903 1090 2077 1117; x_wconf 89' lang='grc'>11666886</span> <span class='ocrx_word' id='word_1_183' title='bbox 2114 1084 2204 1117; x_wconf 82' lang='lat' dir='ltr'><strong>erat</strong></span> <span class='ocrx_word' id='word_1_184' title='bbox 2242 1078 2425 1117; x_wconf 86' lang='lat' dir='ltr'><strong>inveniri</strong></span> <span class='ocrx_word' id='word_1_185' title='bbox 2457 1077 2688 1130; x_wconf 86' lang='lat' dir='ltr'><strong>(variatum</strong></span> 
     </span>
     <span class='ocr_line' id='line_1_14' title="bbox 272 1133 2690 1190; baseline -0 -13"><span class='ocrx_word' id='word_1_186' title='bbox 272 1138 454 1178; x_wconf 81' lang='lat' dir='ltr'><strong>sortasse</strong></span> <span class='ocrx_word' id='word_1_187' title='bbox 485 1137 588 1177; x_wconf 90' lang='lat' dir='ltr'><strong>illud</strong></span> <span class='ocrx_word' id='word_1_188' title='bbox 623 1138 741 1177; x_wconf 88' lang='lat' dir='ltr'><strong>vocis</strong></span> <span class='ocrx_word' id='word_1_189' title='bbox 773 1133 820 1176; x_wconf 85' lang='grc' dir='ltr'><strong>εὖ</strong></span> <span class='ocrx_word' id='word_1_190' title='bbox 854 1138 945 1176; x_wconf 87' lang='lat' dir='ltr'><strong>vice</strong></span> <span class='ocrx_word' id='word_1_191' title='bbox 977 1135 1376 1190; x_wconf 69' lang='grc' dir='ltr'>860611.βέλτιστα).</span> <span class='ocrx_word' id='word_1_192' title='bbox 1410 1136 1524 1189; x_wconf 91' lang='lat' dir='ltr'><strong>quod</strong></span> <span class='ocrx_word' id='word_1_193' title='bbox 1558 1138 1593 1176; x_wconf 92' lang='grc'><strong>81</strong></span> <span class='ocrx_word' id='word_1_194' title='bbox 1627 1143 1786 1176; x_wconf 90' lang='lat' dir='ltr'><strong>rectum</strong></span> <span class='ocrx_word' id='word_1_195' title='bbox 1819 1137 1885 1184; x_wconf 87' lang='lat' dir='ltr'><strong>sit,</strong></span> <span class='ocrx_word' id='word_1_196' title='bbox 1923 1136 2130 1176; x_wconf 85' lang='lat' dir='ltr'><strong>sententia</strong></span> <span class='ocrx_word' id='word_1_197' title='bbox 2169 1134 2274 1188; x_wconf 79' lang='grc' dir='ltr'><em>λέγω</em></span> <span class='ocrx_word' id='word_1_198' title='bbox 2313 1135 2360 1176; x_wconf 86' lang='grc' dir='ltr'><strong>δὲ</strong></span> <span class='ocrx_word' id='word_1_199' title='bbox 2399 1136 2448 1175; x_wconf 84' lang='grc' dir='ltr'><em>τὸ</em></span> <span class='ocrx_word' id='word_1_200' title='bbox 2485 1135 2690 1188; x_wconf 83' lang='grc' dir='ltr'><em>βέλτιστον</em></span> 
     </span>
     <span class='ocr_line' id='line_1_15' title="bbox 273 1193 2686 1250; baseline 0 -14"><span class='ocrx_word' id='word_1_201' title='bbox 273 1197 398 1236; x_wconf 85' lang='lat' dir='ltr'><strong>fuerit</strong></span> <span class='ocrx_word' id='word_1_202' title='bbox 436 1197 661 1248; x_wconf 85' lang='lat' dir='ltr'><strong>explicatio</strong></span> <span class='ocrx_word' id='word_1_203' title='bbox 702 1196 827 1235; x_wconf 87' lang='lat' dir='ltr'><strong>valde</strong></span> <span class='ocrx_word' id='word_1_204' title='bbox 873 1202 983 1248; x_wconf 87' lang='lat' dir='ltr'><strong>apta.</strong></span> <span class='ocrx_word' id='word_1_205' title='bbox 1058 1196 1171 1235; x_wconf 91' lang='lat' dir='ltr'><strong>unde</strong></span> <span class='ocrx_word' id='word_1_206' title='bbox 1213 1197 1443 1248; x_wconf 88' lang='lat' dir='ltr'><strong>sumpserit</strong></span> <span class='ocrx_word' id='word_1_207' title='bbox 1486 1202 1635 1235; x_wconf 86' lang='lat' dir='ltr'><strong>auctor</strong></span> <span class='ocrx_word' id='word_1_208' title='bbox 1678 1197 1774 1235; x_wconf 92' lang='lat' dir='ltr'><strong>libri</strong></span> <span class='ocrx_word' id='word_1_209' title='bbox 1816 1194 1849 1247; x_wconf 84' lang='grc' dir='ltr'><em>β</em></span> <span class='ocrx_word' id='word_1_210' title='bbox 1890 1196 2047 1235; x_wconf 90' lang='lat' dir='ltr'><strong>dictum</strong></span> <span class='ocrx_word' id='word_1_211' title='bbox 2093 1193 2315 1243; x_wconf 81' lang='grc' dir='ltr'><em>,διαθέσεις</em></span> <span class='ocrx_word' id='word_1_212' title='bbox 2352 1194 2530 1250; x_wconf 56' lang='grc' dir='ltr'><em>γὰρηέ,</em></span> <span class='ocrx_word' id='word_1_213' title='bbox 2573 1198 2686 1249; x_wconf 92' lang='lat' dir='ltr'><strong>quod</strong></span> 
     </span>
     <span class='ocr_line' id='line_1_16' title="bbox 271 1253 2688 1308; baseline 0 -14"><span class='ocrx_word' id='word_1_214' title='bbox 271 1255 499 1307; x_wconf 88' lang='lat' dir='ltr'><strong>supplendi</strong></span> <span class='ocrx_word' id='word_1_215' title='bbox 531 1266 664 1294; x_wconf 89' lang='lat' dir='ltr'><strong>causa</strong></span> <span class='ocrx_word' id='word_1_216' title='bbox 695 1254 868 1302; x_wconf 78' lang='lat' dir='ltr'><strong>addidit,</strong></span> <span class='ocrx_word' id='word_1_217' title='bbox 902 1254 1102 1294; x_wconf 90' lang='lat' dir='ltr'><strong>nimirum</strong></span> <span class='ocrx_word' id='word_1_218' title='bbox 1135 1260 1248 1294; x_wconf 91' lang='lat' dir='ltr'><strong>certo</strong></span> <span class='ocrx_word' id='word_1_219' title='bbox 1280 1254 1360 1294; x_wconf 89' lang='lat' dir='ltr'><strong>dici</strong></span> <span class='ocrx_word' id='word_1_220' title='bbox 1394 1266 1476 1293; x_wconf 91' lang='lat' dir='ltr'><strong>non</strong></span> <span class='ocrx_word' id='word_1_221' title='bbox 1510 1260 1668 1306; x_wconf 89' lang='lat' dir='ltr'><strong>potest;</strong></span> <span class='ocrx_word' id='word_1_222' title='bbox 1701 1267 1839 1307; x_wconf 91' lang='lat' dir='ltr'><strong>neque</strong></span> <span class='ocrx_word' id='word_1_223' title='bbox 1871 1259 2011 1294; x_wconf 88' lang='lat' dir='ltr'><strong>tamen</strong></span> <span class='ocrx_word' id='word_1_224' title='bbox 2043 1255 2080 1293; x_wconf 92' lang='lat' dir='ltr'><strong>ei</strong></span> <span class='ocrx_word' id='word_1_225' title='bbox 2112 1254 2203 1303; x_wconf 90' lang='lat' dir='ltr'><strong>loci,</strong></span> <span class='ocrx_word' id='word_1_226' title='bbox 2226 1255 2384 1307; x_wconf 86' lang='lat' dir='ltr'><strong>quibus</strong></span> <span class='ocrx_word' id='word_1_227' title='bbox 2406 1253 2688 1308; x_wconf 90' lang='lat' dir='ltr'><strong>philosophus</strong></span> 
     </span>
     <span class='ocr_line' id='line_1_17' title="bbox 270 1311 2449 1370; baseline -0.001 -16"><span class='ocrx_word' id='word_1_228' title='bbox 270 1315 322 1354; x_wconf 93' lang='lat' dir='ltr'><strong>de</strong></span> <span class='ocrx_word' id='word_1_229' title='bbox 353 1315 523 1354; x_wconf 89' lang='lat' dir='ltr'><strong>notione</strong></span> <span class='ocrx_word' id='word_1_230' title='bbox 556 1311 719 1370; x_wconf 81' lang='grc' dir='ltr'><em>,ἀρίστη</em></span> <span class='ocrx_word' id='word_1_231' title='bbox 753 1311 952 1362; x_wconf 73' lang='grc' dir='ltr'><strong>διάθεσιςι</strong></span> <span class='ocrx_word' id='word_1_232' title='bbox 984 1314 1183 1367; x_wconf 88' lang='lat' dir='ltr'><strong>loquitur,</strong></span> <span class='ocrx_word' id='word_1_233' title='bbox 1215 1319 1316 1354; x_wconf 87' lang='lat' dir='ltr'><strong>sunt</strong></span> <span class='ocrx_word' id='word_1_234' title='bbox 1348 1315 1444 1353; x_wconf 88' lang='lat' dir='ltr'><strong>rari.</strong></span> <span class='ocrx_word' id='word_1_235' title='bbox 2446 1342 2449 1345; x_wconf 85' lang='lat'>-</span> 
     </span>
    </p>

    <p class='ocr_par' dir='ltr' id='par_1_4' title="bbox 270 1373 2688 1485">
     <span class='ocr_line' id='line_1_18' title="bbox 484 1373 2688 1426; baseline 0 -13"><span class='ocrx_word' id='word_1_236' title='bbox 484 1374 521 1413; x_wconf 91' lang='lat'><strong>4.</strong></span> <span class='ocrx_word' id='word_1_237' title='bbox 555 1373 682 1414; x_wconf 90' lang='lat' dir='ltr'><strong>Nunc</strong></span> <span class='ocrx_word' id='word_1_238' title='bbox 712 1373 767 1413; x_wconf 91' lang='lat' dir='ltr'><strong>ad</strong></span> <span class='ocrx_word' id='word_1_239' title='bbox 799 1385 897 1413; x_wconf 91' lang='lat' dir='ltr'><strong>eum</strong></span> <span class='ocrx_word' id='word_1_240' title='bbox 935 1374 1073 1414; x_wconf 90' lang='lat' dir='ltr'><strong>locum</strong></span> <span class='ocrx_word' id='word_1_241' title='bbox 1112 1374 1322 1422; x_wconf 81' lang='lat' dir='ltr'><strong>venimus,</strong></span> <span class='ocrx_word' id='word_1_242' title='bbox 1361 1384 1446 1426; x_wconf 91' lang='lat' dir='ltr'><strong>quo</strong></span> <span class='ocrx_word' id='word_1_243' title='bbox 1486 1374 1669 1413; x_wconf 85' lang='lat' dir='ltr'><strong>maxime</strong></span> <span class='ocrx_word' id='word_1_244' title='bbox 1710 1378 1928 1426; x_wconf 86' lang='lat' dir='ltr'><strong>permotus</strong></span> <span class='ocrx_word' id='word_1_245' title='bbox 1970 1385 2065 1412; x_wconf 87' lang='lat' dir='ltr'><strong>sum</strong></span> <span class='ocrx_word' id='word_1_246' title='bbox 2108 1379 2154 1412; x_wconf 93' lang='lat' dir='ltr'><strong>ut</strong></span> <span class='ocrx_word' id='word_1_247' title='bbox 2195 1384 2397 1426; x_wconf 88' lang='lat' dir='ltr'><strong>sequerer</strong></span> <span class='ocrx_word' id='word_1_248' title='bbox 2437 1375 2688 1414; x_wconf 89' lang='lat' dir='ltr'><strong>sententiam</strong></span> 
     </span>
     <span class='ocr_line' id='line_1_19' title="bbox 270 1433 2688 1485; baseline 0 -13"><span class='ocrx_word' id='word_1_249' title='bbox 270 1445 398 1485; x_wconf 91' lang='lat' dir='ltr'><strong>quam</strong></span> <span class='ocrx_word' id='word_1_250' title='bbox 422 1433 699 1485; x_wconf 87' lang='lat' dir='ltr'><strong>pronuntiavi</strong></span> <span class='ocrx_word' id='word_1_251' title='bbox 722 1444 779 1472; x_wconf 90' lang='grc'><strong>86.</strong></span> <span class='ocrx_word' id='word_1_252' title='bbox 798 1433 1013 1472; x_wconf 84' lang='lat' dir='ltr'><strong>subfuisse</strong></span> <span class='ocrx_word' id='word_1_253' title='bbox 1034 1433 1204 1485; x_wconf 89' lang='lat' dir='ltr'><strong>utrique</strong></span> <span class='ocrx_word' id='word_1_254' title='bbox 1225 1433 1420 1484; x_wconf 80' lang='lat' dir='ltr'><strong>exemplo</strong></span> <span class='ocrx_word' id='word_1_255' title='bbox 1443 1445 1575 1471; x_wconf 89' lang='lat' dir='ltr'><strong>unum</strong></span> <span class='ocrx_word' id='word_1_256' title='bbox 1599 1445 1823 1471; x_wconf 91' lang='lat' dir='ltr'><strong>commune</strong></span> <span class='ocrx_word' id='word_1_257' title='bbox 1844 1433 2072 1485; x_wconf 87' lang='lat' dir='ltr'><strong>exemplar.</strong></span> <span class='ocrx_word' id='word_1_258' title='bbox 2109 1433 2292 1483; x_wconf 87' lang='lat' dir='ltr'><strong>legimus</strong></span> <span class='ocrx_word' id='word_1_259' title='bbox 2314 1446 2352 1484; x_wconf 91' lang='lat' dir='ltr'><strong>p.</strong></span> <span class='ocrx_word' id='word_1_260' title='bbox 2376 1433 2555 1473; x_wconf 84' lang='lat'>242·18</span> <span class='ocrx_word' id='word_1_261' title='bbox 2579 1435 2620 1473; x_wconf 92' lang='lat' dir='ltr'><strong>in</strong></span> <span class='ocrx_word' id='word_1_262' title='bbox 2644 1447 2688 1472; x_wconf 83' lang='lat' dir='ltr'><strong>a:</strong></span> 
     </span>
    </p>

    <p class='ocr_par' dir='ltr' id='par_1_5' title="bbox 272 1487 2688 1605">
     <span class='ocr_line' id='line_1_20' title="bbox 485 1487 2688 1547; baseline 0.001 -17"><span class='ocrx_word' id='word_1_263' title='bbox 485 1490 645 1545; x_wconf 78' lang='grc' dir='ltr'><em>ἀνάγκη</em></span> <span class='ocrx_word' id='word_1_264' title='bbox 677 1488 785 1530; x_wconf 80' lang='grc' dir='ltr'><em>εἶναι’</em></span> <span class='ocrx_word' id='word_1_265' title='bbox 812 1504 845 1530; x_wconf 86' lang='grc' dir='ltr'><strong>τι</strong></span> <span class='ocrx_word' id='word_1_266' title='bbox 876 1491 919 1530; x_wconf 83' lang='grc' dir='ltr'><em>τὸ</em></span> <span class='ocrx_word' id='word_1_267' title='bbox 951 1493 1113 1545; x_wconf 84' lang='grc' dir='ltr'><em>πρῶτον</em></span> <span class='ocrx_word' id='word_1_268' title='bbox 1144 1491 1278 1531; x_wconf 83' lang='grc' dir='ltr'><em>κινοῦν</em></span> <span class='ocrx_word' id='word_1_269' title='bbox 1309 1490 1372 1530; x_wconf 82' lang='grc' dir='ltr'><strong>καὶ</strong></span> <span class='ocrx_word' id='word_1_270' title='bbox 1401 1490 1465 1546; x_wconf 85' lang='grc' dir='ltr'><em>μὴ</em></span> <span class='ocrx_word' id='word_1_271' title='bbox 1498 1489 1676 1542; x_wconf 75' lang='grc' dir='ltr'><em>βαδίζειν</em></span> <span class='ocrx_word' id='word_1_272' title='bbox 1708 1490 1765 1539; x_wconf 81' lang='grc' dir='ltr'><em>εἷς</em></span> <span class='ocrx_word' id='word_1_273' title='bbox 1796 1489 1983 1546; x_wconf 80' lang='grc' dir='ltr'><em>ἄπειρον·</em></span> <span class='ocrx_word' id='word_1_274' title='bbox 2024 1490 2088 1547; x_wconf 86' lang='grc' dir='ltr'><em>μὴ</em></span> <span class='ocrx_word' id='word_1_275' title='bbox 2123 1491 2201 1546; x_wconf 87' lang='grc' dir='ltr'><em>γὰρ</em></span> <span class='ocrx_word' id='word_1_276' title='bbox 2232 1487 2344 1530; x_wconf 85' lang='grc' dir='ltr'><em>ἔστω</em></span> <span class='ocrx_word' id='word_1_277' title='bbox 2373 1490 2472 1531; x_wconf 85' lang='grc' dir='ltr'><em>ἀλλὰ</em></span> <span class='ocrx_word' id='word_1_278' title='bbox 2503 1490 2688 1544; x_wconf 75' lang='grc' dir='ltr'><em>γενέσθω</em></span> 
     </span>
     <span class='ocr_line' id='line_1_21' title="bbox 272 1547 1396 1605; baseline -0.001 -15"><span class='ocrx_word' id='word_1_279' title='bbox 272 1547 455 1605; x_wconf 83' lang='grc' dir='ltr'><em>ἄπειρον.</em></span> <span class='ocrx_word' id='word_1_280' title='bbox 519 1548 708 1590; x_wconf 86' lang='grc' dir='ltr'><em>κινείσθω</em></span> <span class='ocrx_word' id='word_1_281' title='bbox 739 1548 789 1605; x_wconf 81' lang='grc' dir='ltr'><strong>δὴ</strong></span> <span class='ocrx_word' id='word_1_282' title='bbox 821 1548 864 1589; x_wconf 91' lang='grc' dir='ltr'><em>τὸ</em></span> <span class='ocrx_word' id='word_1_283' title='bbox 893 1548 973 1603; x_wconf 83' lang='grc' dir='ltr'><strong>μὲν</strong></span> <span class='ocrx_word' id='word_1_284' title='bbox 1006 1549 1037 1590; x_wconf 92' lang='grc' dir='ltr'><em>Α</em></span> <span class='ocrx_word' id='word_1_285' title='bbox 1069 1548 1144 1589; x_wconf 82' lang='grc' dir='ltr'><em>ὑπὸ</em></span> <span class='ocrx_word' id='word_1_286' title='bbox 1176 1550 1248 1590; x_wconf 83' lang='grc' dir='ltr'><em>τοῦ</em></span> <span class='ocrx_word' id='word_1_287' title='bbox 1280 1547 1396 1591; x_wconf 86' lang='grc' dir='ltr'><em>Β...</em></span> 
     </span>
    </p>

    <p class='ocr_par' dir='ltr' id='par_1_6' title="bbox 484 1607 1092 1662">
     <span class='ocr_line' id='line_1_22' title="bbox 484 1607 1092 1662; baseline -0.003 -14"><span class='ocrx_word' id='word_1_288' title='bbox 484 1609 643 1662; x_wconf 86' lang='lat' dir='ltr'><strong>quibus</strong></span> <span class='ocrx_word' id='word_1_289' title='bbox 677 1608 937 1661; x_wconf 89' lang='lat' dir='ltr'><strong>respondent</strong></span> <span class='ocrx_word' id='word_1_290' title='bbox 968 1609 1011 1647; x_wconf 91' lang='lat' dir='ltr'><strong>in</strong></span> <span class='ocrx_word' id='word_1_291' title='bbox 1042 1607 1092 1660; x_wconf 75' lang='grc' dir='ltr'><em>βε</em></span> 
     </span>
    </p>

    <p class='ocr_par' dir='ltr' id='par_1_7' title="bbox 271 1665 2684 1780">
     <span class='ocr_line' id='line_1_23' title="bbox 484 1665 2684 1738; baseline 0.001 -32"><span class='ocrx_word' id='word_1_292' title='bbox 484 1668 532 1707; x_wconf 86' lang='grc' dir='ltr'><strong>οὐ</strong></span> <span class='ocrx_word' id='word_1_293' title='bbox 565 1666 618 1723; x_wconf 84' lang='grc' dir='ltr'><strong>δὴ</strong></span> <span class='ocrx_word' id='word_1_294' title='bbox 657 1667 713 1715; x_wconf 84' lang='grc' dir='ltr'><em>εἷς</em></span> <span class='ocrx_word' id='word_1_295' title='bbox 750 1665 919 1722; x_wconf 84' lang='grc' dir='ltr'><em>ἄπειρον</em></span> <span class='ocrx_word' id='word_1_296' title='bbox 959 1666 1157 1722; x_wconf 80' lang='grc' dir='ltr'><em>πρόεισιν,</em></span> <span class='ocrx_word' id='word_1_297' title='bbox 1199 1667 1299 1707; x_wconf 83' lang='grc' dir='ltr'><em>ἀλλὰ</em></span> <span class='ocrx_word' id='word_1_298' title='bbox 1340 1665 1534 1738; x_wconf 76' lang='grc' dir='ltr'><em>στήσεταί</em></span> <span class='ocrx_word' id='word_1_299' title='bbox 1571 1682 1645 1707; x_wconf 87' lang='grc' dir='ltr'><em>που</em></span> <span class='ocrx_word' id='word_1_300' title='bbox 1688 1667 1753 1706; x_wconf 82' lang='grc' dir='ltr'><strong>καὶ</strong></span> <span class='ocrx_word' id='word_1_301' title='bbox 1794 1665 1905 1707; x_wconf 85' lang='grc' dir='ltr'><em>ἔσται</em></span> <span class='ocrx_word' id='word_1_302' title='bbox 1947 1682 1980 1707; x_wconf 91' lang='grc' dir='ltr'><strong>τι</strong></span> <span class='ocrx_word' id='word_1_303' title='bbox 2021 1667 2048 1706; x_wconf 71' lang='grc' dir='ltr'><em>ὅ</em></span> <span class='ocrx_word' id='word_1_304' title='bbox 2082 1667 2255 1721; x_wconf 84' lang='grc' dir='ltr'><em>πρώτως</em></span> <span class='ocrx_word' id='word_1_305' title='bbox 2295 1683 2419 1708; x_wconf 90' lang='grc' dir='ltr'><em>αιτιον</em></span> <span class='ocrx_word' id='word_1_306' title='bbox 2460 1665 2575 1708; x_wconf 84' lang='grc' dir='ltr'><em>ἔσται</em></span> <span class='ocrx_word' id='word_1_307' title='bbox 2618 1670 2684 1708; x_wconf 83' lang='grc' dir='ltr'><em>τοῦ</em></span> 
     </span>
     <span class='ocr_line' id='line_1_24' title="bbox 271 1723 2375 1781; baseline 0 -15"><span class='ocrx_word' id='word_1_308' title='bbox 271 1726 480 1767; x_wconf 80' lang='grc' dir='ltr'><em>κινεῖσθαι.</em></span> <span class='ocrx_word' id='word_1_309' title='bbox 542 1726 579 1765; x_wconf 84' lang='grc' dir='ltr'><strong>εἷ</strong></span> <span class='ocrx_word' id='word_1_310' title='bbox 611 1726 689 1780; x_wconf 84' lang='grc' dir='ltr'><em>γὰρ</em></span> <span class='ocrx_word' id='word_1_311' title='bbox 714 1726 784 1781; x_wconf 74' lang='grc' dir='ltr'><em>μή,</em></span> <span class='ocrx_word' id='word_1_312' title='bbox 817 1725 900 1765; x_wconf 81' lang='grc' dir='ltr'><em>ἀλλ’</em></span> <span class='ocrx_word' id='word_1_313' title='bbox 932 1725 989 1773; x_wconf 81' lang='grc' dir='ltr'><em>εἷς</em></span> <span class='ocrx_word' id='word_1_314' title='bbox 1017 1725 1188 1780; x_wconf 85' lang='grc' dir='ltr'><em>ἄπειρον</em></span> <span class='ocrx_word' id='word_1_315' title='bbox 1220 1725 1419 1780; x_wconf 77' lang='grc' dir='ltr'><em>πρόεισιν,</em></span> <span class='ocrx_word' id='word_1_316' title='bbox 1452 1723 1560 1766; x_wconf 86' lang='grc' dir='ltr'><em>ἔστω</em></span> <span class='ocrx_word' id='word_1_317' title='bbox 1592 1741 1635 1765; x_wconf 93' lang='grc' dir='ltr'><em>το</em></span> <span class='ocrx_word' id='word_1_318' title='bbox 1661 1725 1738 1777; x_wconf 86' lang='grc' dir='ltr'><strong>μὲν</strong></span> <span class='ocrx_word' id='word_1_319' title='bbox 1771 1726 1803 1766; x_wconf 90' lang='grc' dir='ltr'><em>Α</em></span> <span class='ocrx_word' id='word_1_320' title='bbox 1835 1727 1909 1766; x_wconf 77' lang='grc' dir='ltr'><em>ὑπὸ</em></span> <span class='ocrx_word' id='word_1_321' title='bbox 1942 1728 2015 1766; x_wconf 85' lang='grc' dir='ltr'><em>τοῦ</em></span> <span class='ocrx_word' id='word_1_322' title='bbox 2048 1725 2085 1766; x_wconf 83' lang='grc' dir='ltr'><em>Β</em></span> <span class='ocrx_word' id='word_1_323' title='bbox 2116 1725 2375 1780; x_wconf 82' lang='grc' dir='ltr'><em>κινούμενον.</em></span> 
     </span>
    </p>

    <p class='ocr_par' dir='ltr' id='par_1_8' title="bbox 267 1785 2688 2317">
     <span class='ocr_line' id='line_1_25' title="bbox 486 1785 2687 1838; baseline 0.001 -12"><span class='ocrx_word' id='word_1_324' title='bbox 486 1786 671 1826; x_wconf 85' lang='lat' dir='ltr'><strong>Brandis</strong></span> <span class='ocrx_word' id='word_1_325' title='bbox 703 1799 741 1837; x_wconf 92' lang='lat' dir='ltr'><strong>p.</strong></span> <span class='ocrx_word' id='word_1_326' title='bbox 765 1785 850 1827; x_wconf 88' lang='grc'>846</span> <span class='ocrx_word' id='word_1_327' title='bbox 883 1786 1134 1827; x_wconf 83' lang='grc'>86616611661</span> <span class='ocrx_word' id='word_1_328' title='bbox 1168 1799 1298 1838; x_wconf 87' lang='lat' dir='ltr'><strong>quam</strong></span> <span class='ocrx_word' id='word_1_329' title='bbox 1330 1785 1514 1837; x_wconf 86' lang='lat' dir='ltr'><strong>legimus</strong></span> <span class='ocrx_word' id='word_1_330' title='bbox 1546 1785 1589 1826; x_wconf 88' lang='lat' dir='ltr'><strong>in</strong></span> <span class='ocrx_word' id='word_1_331' title='bbox 1621 1801 1648 1826; x_wconf 89' lang='grc' dir='ltr'><em>α</em></span> <span class='ocrx_word' id='word_1_332' title='bbox 1681 1785 1762 1827; x_wconf 85' lang='grc'>1106</span> <span class='ocrx_word' id='word_1_333' title='bbox 1793 1785 1917 1826; x_wconf 92' lang='lat' dir='ltr'><strong>modo</strong></span> <span class='ocrx_word' id='word_1_334' title='bbox 1949 1791 2060 1827; x_wconf 89' lang='grc'>16616</span> <span class='ocrx_word' id='word_1_335' title='bbox 2084 1786 2210 1827; x_wconf 89' lang='lat' dir='ltr'><strong>vertit</strong></span> <span class='ocrx_word' id='word_1_336' title='bbox 2241 1798 2298 1836; x_wconf 87' lang='grc'><strong>,68</strong></span> <span class='ocrx_word' id='word_1_337' title='bbox 2321 1798 2441 1827; x_wconf 87' lang='lat' dir='ltr'><strong>muss</strong></span> <span class='ocrx_word' id='word_1_338' title='bbox 2463 1786 2531 1828; x_wconf 91' lang='grc'><strong>616</strong></span> <span class='ocrx_word' id='word_1_339' title='bbox 2553 1791 2687 1828; x_wconf 85' lang='lat' dir='ltr'><strong>erstes</strong></span> 
     </span>
     <span class='ocr_line' id='line_1_26' title="bbox 273 1843 2686 1899; baseline -0 -12"><span class='ocrx_word' id='word_1_340' title='bbox 273 1844 558 1898; x_wconf 87' lang='lat' dir='ltr'><strong>bewegendes</strong></span> <span class='ocrx_word' id='word_1_341' title='bbox 590 1843 745 1898; x_wconf 87' lang='lat' dir='ltr'><strong>geben;</strong></span> <span class='ocrx_word' id='word_1_342' title='bbox 777 1843 889 1885; x_wconf 90' lang='lat' dir='ltr'><strong>denn</strong></span> <span class='ocrx_word' id='word_1_343' title='bbox 913 1844 1162 1898; x_wconf 83' lang='lat' dir='ltr'><strong>Riickgang</strong></span> <span class='ocrx_word' id='word_1_344' title='bbox 1189 1844 1255 1885; x_wconf 86' lang='lat' dir='ltr'><strong>ins</strong></span> <span class='ocrx_word' id='word_1_345' title='bbox 1280 1844 1543 1886; x_wconf 90' lang='lat' dir='ltr'><strong>Unendliche</strong></span> <span class='ocrx_word' id='word_1_346' title='bbox 1574 1844 1629 1885; x_wconf 90' lang='lat' dir='ltr'><strong>ist</strong></span> <span class='ocrx_word' id='word_1_347' title='bbox 1661 1844 1917 1886; x_wconf 89' lang='lat' dir='ltr'><strong>undenkbar</strong></span> <span class='ocrx_word' id='word_1_348' title='bbox 1949 1845 2058 1886; x_wconf 87' lang='lat' dir='ltr'><strong>nach</strong></span> <span class='ocrx_word' id='word_1_349' title='bbox 2090 1845 2166 1885; x_wconf 90' lang='lat' dir='ltr'><strong>der</strong></span> <span class='ocrx_word' id='word_1_350' title='bbox 2187 1844 2553 1899; x_wconf 86' lang='lat' dir='ltr'><strong>Voraussetzung,</strong></span> <span class='ocrx_word' id='word_1_351' title='bbox 2585 1846 2686 1886; x_wconf 87' lang='lat' dir='ltr'><strong>dass</strong></span> 
     </span>
     <span class='ocr_line' id='line_1_27' title="bbox 271 1903 2687 1957; baseline 0 -12"><span class='ocrx_word' id='word_1_352' title='bbox 271 1905 349 1945; x_wconf 83' lang='lat' dir='ltr'><strong>das</strong></span> <span class='ocrx_word' id='word_1_353' title='bbox 385 1905 648 1945; x_wconf 89' lang='lat' dir='ltr'><strong>Unendliche</strong></span> <span class='ocrx_word' id='word_1_354' title='bbox 680 1905 829 1944; x_wconf 90' lang='lat' dir='ltr'><strong>immer</strong></span> <span class='ocrx_word' id='word_1_355' title='bbox 864 1916 947 1944; x_wconf 90' lang='lat' dir='ltr'><strong>nur</strong></span> <span class='ocrx_word' id='word_1_356' title='bbox 980 1905 1133 1954; x_wconf 88' lang='lat' dir='ltr'><strong>werde,</strong></span> <span class='ocrx_word' id='word_1_357' title='bbox 1166 1906 1344 1944; x_wconf 90' lang='lat' dir='ltr'><strong>nimmer</strong></span> <span class='ocrx_word' id='word_1_358' title='bbox 1375 1906 1448 1944; x_wconf 72' lang='grc' dir='ltr'><strong>861ι</strong></span> <span class='ocrx_word' id='word_1_359' title='bbox 1482 1906 1714 1945; x_wconf 84' lang='grc'>8661661166</span> <span class='ocrx_word' id='word_1_360' title='bbox 1746 1911 1886 1944; x_wconf 89' lang='lat' dir='ltr'><strong>autem</strong></span> <span class='ocrx_word' id='word_1_361' title='bbox 1920 1906 2079 1944; x_wconf 82' lang='lat' dir='ltr'><strong>formae</strong></span> <span class='ocrx_word' id='word_1_362' title='bbox 2099 1903 2133 1956; x_wconf 83' lang='grc' dir='ltr'><em>β</em></span> <span class='ocrx_word' id='word_1_363' title='bbox 2153 1906 2258 1944; x_wconf 90' lang='grc'>11666</span> <span class='ocrx_word' id='word_1_364' title='bbox 2280 1906 2404 1957; x_wconf 85' lang='lat' dir='ltr'><strong>plane</strong></span> <span class='ocrx_word' id='word_1_365' title='bbox 2425 1907 2509 1945; x_wconf 86' lang='lat' dir='ltr'><strong>alia</strong></span> <span class='ocrx_word' id='word_1_366' title='bbox 2540 1908 2687 1946; x_wconf 87' lang='lat' dir='ltr'><strong>subest</strong></span> 
     </span>
     <span class='ocr_line' id='line_1_28' title="bbox 269 1964 2687 2016; baseline 0 -12"><span class='ocrx_word' id='word_1_367' title='bbox 269 1966 356 2005; x_wconf 87' lang='lat' dir='ltr'><strong>vis:</strong></span> <span class='ocrx_word' id='word_1_368' title='bbox 390 1964 608 2013; x_wconf 90' lang='lat' dir='ltr'><strong>,...denn</strong></span> <span class='ocrx_word' id='word_1_369' title='bbox 640 1974 966 2016; x_wconf 86' lang='lat' dir='ltr'><strong>angenommen,</strong></span> <span class='ocrx_word' id='word_1_370' title='bbox 997 1976 1044 2003; x_wconf 90' lang='lat' dir='ltr'><strong>es</strong></span> <span class='ocrx_word' id='word_1_371' title='bbox 1075 1964 1184 2016; x_wconf 84' lang='lat' dir='ltr'><strong>gebo</strong></span> <span class='ocrx_word' id='word_1_372' title='bbox 1217 1964 1315 2003; x_wconf 88' lang='lat' dir='ltr'><strong>kein</strong></span> <span class='ocrx_word' id='word_1_373' title='bbox 1347 1970 1481 2003; x_wconf 89' lang='lat' dir='ltr'><strong>erstes</strong></span> <span class='ocrx_word' id='word_1_374' title='bbox 1515 1964 1808 2015; x_wconf 82' lang='lat' dir='ltr'><strong>bewegendes,</strong></span> <span class='ocrx_word' id='word_1_375' title='bbox 1845 1964 2032 2003; x_wconf 89' lang='lat' dir='ltr'><strong>sondern</strong></span> <span class='ocrx_word' id='word_1_376' title='bbox 2072 1976 2118 2002; x_wconf 91' lang='grc'><strong>68</strong></span> <span class='ocrx_word' id='word_1_377' title='bbox 2148 1964 2275 2003; x_wconf 79' lang='lat' dir='ltr'><strong>sande</strong></span> <span class='ocrx_word' id='word_1_378' title='bbox 2313 1964 2388 2003; x_wconf 93' lang='lat' dir='ltr'><strong>der</strong></span> <span class='ocrx_word' id='word_1_379' title='bbox 2427 1976 2687 2016; x_wconf 88' lang='lat' dir='ltr'><strong>progressus</strong></span> 
     </span>
     <span class='ocr_line' id='line_1_29' title="bbox 267 2021 2686 2076; baseline -0 -12"><span class='ocrx_word' id='word_1_380' title='bbox 267 2026 311 2064; x_wconf 93' lang='lat' dir='ltr'><strong>in</strong></span> <span class='ocrx_word' id='word_1_381' title='bbox 342 2025 558 2064; x_wconf 86' lang='lat' dir='ltr'><strong>infinitum</strong></span> <span class='ocrx_word' id='word_1_382' title='bbox 589 2029 702 2072; x_wconf 88' lang='lat' dir='ltr'><strong>statt,</strong></span> <span class='ocrx_word' id='word_1_383' title='bbox 733 2034 783 2062; x_wconf 93' lang='lat' dir='ltr'><strong>so</strong></span> <span class='ocrx_word' id='word_1_384' title='bbox 815 2023 957 2063; x_wconf 87' lang='lat' dir='ltr'><strong>werde</strong></span> <span class='ocrx_word' id='word_1_385' title='bbox 989 2024 1103 2063; x_wconf 90' lang='lat' dir='ltr'><strong>denn</strong></span> <span class='ocrx_word' id='word_1_386' title='bbox 1135 2022 1168 2062; x_wconf 85' lang='lat' dir='ltr'><em>A</em></span> <span class='ocrx_word' id='word_1_387' title='bbox 1205 2034 1289 2062; x_wconf 90' lang='lat' dir='ltr'><strong>von</strong></span> <span class='ocrx_word' id='word_1_388' title='bbox 1322 2021 1359 2061; x_wconf 87' lang='lat' dir='ltr'><em>B</em></span> <span class='ocrx_word' id='word_1_389' title='bbox 1389 2024 1558 2074; x_wconf 90' lang='lat' dir='ltr'><strong>bewegt</strong></span> <span class='ocrx_word' id='word_1_390' title='bbox 1576 2054 1583 2062; x_wconf 92' lang='lat'><strong>.</strong></span> <span class='ocrx_word' id='word_1_391' title='bbox 1601 2053 1609 2062; x_wconf 95' lang='lat'><strong>.</strong></span> <span class='ocrx_word' id='word_1_392' title='bbox 1629 2026 1649 2062; x_wconf 91' lang='lat'><strong>.‘</strong></span> <span class='ocrx_word' id='word_1_393' title='bbox 1684 2029 1865 2076; x_wconf 87' lang='lat' dir='ltr'><strong>utraque</strong></span> <span class='ocrx_word' id='word_1_394' title='bbox 1898 2023 2105 2063; x_wconf 89' lang='lat' dir='ltr'><strong>sententia</strong></span> <span class='ocrx_word' id='word_1_395' title='bbox 2134 2023 2327 2063; x_wconf 83' lang='lat' dir='ltr'><strong>hocloco</strong></span> <span class='ocrx_word' id='word_1_396' title='bbox 2349 2024 2591 2063; x_wconf 89' lang='lat' dir='ltr'><strong>necessaria</strong></span> <span class='ocrx_word' id='word_1_397' title='bbox 2612 2029 2686 2064; x_wconf 90' lang='lat' dir='ltr'><strong>est.</strong></span> 
     </span>
     <span class='ocr_line' id='line_1_30' title="bbox 268 2080 2686 2147; baseline 0 -24"><span class='ocrx_word' id='word_1_398' title='bbox 268 2097 368 2123; x_wconf 90' lang='lat' dir='ltr'><strong>nam</strong></span> <span class='ocrx_word' id='word_1_399' title='bbox 401 2084 511 2123; x_wconf 91' lang='lat' dir='ltr'><strong>dicto</strong></span> <span class='ocrx_word' id='word_1_400' title='bbox 548 2083 709 2122; x_wconf 85' lang='lat' dir='ltr'><strong>formae</strong></span> <span class='ocrx_word' id='word_1_401' title='bbox 740 2097 767 2121; x_wconf 89' lang='grc' dir='ltr'><em>α</em></span> <span class='ocrx_word' id='word_1_402' title='bbox 806 2083 1105 2134; x_wconf 83' lang='lat' dir='ltr'><strong>intellegimus,</strong></span> <span class='ocrx_word' id='word_1_403' title='bbox 1151 2082 1253 2134; x_wconf 91' lang='lat' dir='ltr'><strong>quid</strong></span> <span class='ocrx_word' id='word_1_404' title='bbox 1297 2083 1349 2121; x_wconf 89' lang='lat' dir='ltr'><strong>sit</strong></span> <span class='ocrx_word' id='word_1_405' title='bbox 1381 2082 1425 2121; x_wconf 77' lang='grc' dir='ltr'><em>τὸ</em></span> <span class='ocrx_word' id='word_1_406' title='bbox 1457 2080 1649 2147; x_wconf 82' lang='grc' dir='ltr'><em>α”πειρον;</em></span> <span class='ocrx_word' id='word_1_407' title='bbox 1704 2083 1843 2122; x_wconf 90' lang='lat' dir='ltr'><strong>verbis</strong></span> <span class='ocrx_word' id='word_1_408' title='bbox 1885 2089 2025 2122; x_wconf 91' lang='lat' dir='ltr'><strong>autem</strong></span> <span class='ocrx_word' id='word_1_409' title='bbox 2069 2083 2250 2135; x_wconf 85' lang='lat' dir='ltr'><strong>exempli</strong></span> <span class='ocrx_word' id='word_1_410' title='bbox 2286 2081 2320 2134; x_wconf 90' lang='grc' dir='ltr'><em>β</em></span> <span class='ocrx_word' id='word_1_411' title='bbox 2361 2084 2686 2134; x_wconf 84' lang='lat' dir='ltr'><strong>argumentatio,</strong></span> 
     </span>
     <span class='ocr_line' id='line_1_31' title="bbox 268 2141 2687 2196; baseline -0.001 -12"><span class='ocrx_word' id='word_1_412' title='bbox 268 2154 380 2196; x_wconf 89' lang='lat' dir='ltr'><strong>quae</strong></span> <span class='ocrx_word' id='word_1_413' title='bbox 412 2141 456 2183; x_wconf 89' lang='grc'><strong>111</strong></span> <span class='ocrx_word' id='word_1_414' title='bbox 487 2146 669 2195; x_wconf 86' lang='lat' dir='ltr'><strong>utroque</strong></span> <span class='ocrx_word' id='word_1_415' title='bbox 700 2145 820 2182; x_wconf 84' lang='lat' dir='ltr'><strong>textu</strong></span> <span class='ocrx_word' id='word_1_416' title='bbox 853 2141 1058 2195; x_wconf 89' lang='lat' dir='ltr'><strong>sequitur,</strong></span> <span class='ocrx_word' id='word_1_417' title='bbox 1090 2141 1263 2195; x_wconf 82' lang='lat' dir='ltr'><strong>obliqua</strong></span> <span class='ocrx_word' id='word_1_418' title='bbox 1295 2141 1530 2182; x_wconf 86' lang='lat' dir='ltr'><strong>inchoatur.</strong></span> <span class='ocrx_word' id='word_1_419' title='bbox 1594 2142 1635 2182; x_wconf 91' lang='lat' dir='ltr'><strong>in</strong></span> <span class='ocrx_word' id='word_1_420' title='bbox 1668 2141 1781 2182; x_wconf 87' lang='lat' dir='ltr'><strong>fonte</strong></span> <span class='ocrx_word' id='word_1_421' title='bbox 1812 2152 1915 2195; x_wconf 87' lang='lat' dir='ltr'><strong>ergo</strong></span> <span class='ocrx_word' id='word_1_422' title='bbox 1947 2141 2016 2181; x_wconf 88' lang='lat' dir='ltr'><strong>illo</strong></span> <span class='ocrx_word' id='word_1_423' title='bbox 2045 2141 2205 2195; x_wconf 84' lang='lat' dir='ltr'><strong>duplex</strong></span> <span class='ocrx_word' id='word_1_424' title='bbox 2232 2142 2335 2182; x_wconf 90' lang='lat' dir='ltr'><strong>mihi</strong></span> <span class='ocrx_word' id='word_1_425' title='bbox 2358 2142 2528 2183; x_wconf 86' lang='lat' dir='ltr'><strong>videtur</strong></span> <span class='ocrx_word' id='word_1_426' title='bbox 2555 2142 2687 2184; x_wconf 82' lang='lat' dir='ltr'><strong>fuisse</strong></span> 
     </span>
     <span class='ocr_line' id='line_1_32' title="bbox 267 2198 2688 2271; baseline 0 -30"><span class='ocrx_word' id='word_1_427' title='bbox 267 2202 603 2254; x_wconf 83' lang='lat' dir='ltr'><strong>argumentatio:</strong></span> <span class='ocrx_word' id='word_1_428' title='bbox 648 2200 673 2257; x_wconf 77' lang='grc' dir='ltr'><em>ἡ</em></span> <span class='ocrx_word' id='word_1_429' title='bbox 714 2199 865 2271; x_wconf 72' lang='grc' dir='ltr'><em>κίνησις</em></span> <span class='ocrx_word' id='word_1_430' title='bbox 899 2200 973 2240; x_wconf 84' lang='grc' dir='ltr'><em>οὐκ</em></span> <span class='ocrx_word' id='word_1_431' title='bbox 1013 2200 1073 2248; x_wconf 84' lang='grc' dir='ltr'><em>εἷς</em></span> <span class='ocrx_word' id='word_1_432' title='bbox 1109 2199 1280 2255; x_wconf 84' lang='grc' dir='ltr'><em>ἄπειρον</em></span> <span class='ocrx_word' id='word_1_433' title='bbox 1313 2199 1506 2255; x_wconf 82' lang='grc' dir='ltr'><em>πρόεισιν.</em></span> <span class='ocrx_word' id='word_1_434' title='bbox 1556 2202 1585 2239; x_wconf 89' lang='grc' dir='ltr'><strong>Ι.</strong></span> <span class='ocrx_word' id='word_1_435' title='bbox 1608 2201 1652 2239; x_wconf 83' lang='grc' dir='ltr'><em>τὸ</em></span> <span class='ocrx_word' id='word_1_436' title='bbox 1685 2200 1764 2255; x_wconf 81' lang='grc' dir='ltr'><em>γὰρ</em></span> <span class='ocrx_word' id='word_1_437' title='bbox 1796 2199 1961 2255; x_wconf 85' lang='grc' dir='ltr'><em>ἄπειρον</em></span> <span class='ocrx_word' id='word_1_438' title='bbox 1992 2198 2109 2246; x_wconf 84' lang='grc' dir='ltr'><em>ἔστιν,</em></span> <span class='ocrx_word' id='word_1_439' title='bbox 2143 2200 2193 2239; x_wconf 83' lang='grc' dir='ltr'><strong>οὐ</strong></span> <span class='ocrx_word' id='word_1_440' title='bbox 2228 2200 2399 2253; x_wconf 89' lang='grc' dir='ltr'><em>γίγνεισι·</em></span> <span class='ocrx_word' id='word_1_441' title='bbox 2461 2203 2511 2241; x_wconf 95' lang='grc' dir='ltr'><strong>ΙΙ.</strong></span> <span class='ocrx_word' id='word_1_442' title='bbox 2534 2202 2617 2241; x_wconf 89' lang='grc' dir='ltr'><em>ἀλλ’</em></span> <span class='ocrx_word' id='word_1_443' title='bbox 2650 2202 2688 2241; x_wconf 82' lang='grc' dir='ltr'><strong>εἷ</strong></span> 
     </span>
     <span class='ocr_line' id='line_1_33' title="bbox 268 2258 1144 2325; baseline -0.002 -24"><span class='ocrx_word' id='word_1_444' title='bbox 268 2259 452 2317; x_wconf 86' lang='grc' dir='ltr'><em>πρόεισιν</em></span> <span class='ocrx_word' id='word_1_445' title='bbox 484 2259 542 2308; x_wconf 86' lang='grc' dir='ltr'><em>εἷς</em></span> <span class='ocrx_word' id='word_1_446' title='bbox 571 2258 750 2325; x_wconf 81' lang='grc' dir='ltr'><em>ἄπειρον,</em></span> <span class='ocrx_word' id='word_1_447' title='bbox 782 2274 893 2299; x_wconf 87' lang='grc' dir='ltr'><em>εστω</em></span> <span class='ocrx_word' id='word_1_448' title='bbox 925 2274 968 2299; x_wconf 92' lang='grc' dir='ltr'><em>το</em></span> <span class='ocrx_word' id='word_1_449' title='bbox 997 2258 1077 2314; x_wconf 85' lang='grc' dir='ltr'><strong>μὲν</strong></span> <span class='ocrx_word' id='word_1_450' title='bbox 1110 2258 1144 2299; x_wconf 89' lang='grc' dir='ltr'><em>Α</em></span> 
     </span>
    </p>

    <p class='ocr_par' dir='ltr' id='par_1_9' title="bbox 269 2319 2685 2430">
     <span class='ocr_line' id='line_1_34' title="bbox 483 2319 2685 2373; baseline 0.001 -14"><span class='ocrx_word' id='word_1_451' title='bbox 483 2319 711 2371; x_wconf 90' lang='lat' dir='ltr'><strong>perpaucis</strong></span> <span class='ocrx_word' id='word_1_452' title='bbox 735 2320 890 2367; x_wconf 87' lang='lat' dir='ltr'><strong>verbis,</strong></span> <span class='ocrx_word' id='word_1_453' title='bbox 912 2332 1023 2371; x_wconf 91' lang='lat' dir='ltr'><strong>quae</strong></span> <span class='ocrx_word' id='word_1_454' title='bbox 1044 2319 1228 2370; x_wconf 89' lang='lat' dir='ltr'><strong>legimus</strong></span> <span class='ocrx_word' id='word_1_455' title='bbox 1250 2319 1407 2371; x_wconf 88' lang='lat' dir='ltr'><strong>plura</strong></span> <span class='ocrx_word' id='word_1_456' title='bbox 1397 2332 1439 2359; x_wconf 81' lang='lat' dir='ltr'><strong>in</strong></span> <span class='ocrx_word' id='word_1_457' title='bbox 1462 2319 1593 2359; x_wconf 88' lang='lat' dir='ltr'><strong>altero</strong></span> <span class='ocrx_word' id='word_1_458' title='bbox 1616 2319 1736 2368; x_wconf 85' lang='lat' dir='ltr'><strong>libro,</strong></span> <span class='ocrx_word' id='word_1_459' title='bbox 1758 2320 1868 2359; x_wconf 86' lang='lat' dir='ltr'><strong>inest</strong></span> <span class='ocrx_word' id='word_1_460' title='bbox 1890 2321 2222 2371; x_wconf 88' lang='lat' dir='ltr'><strong>argumentatio:</strong></span> <span class='ocrx_word' id='word_1_461' title='bbox 2245 2320 2361 2373; x_wconf 92' lang='lat' dir='ltr'><strong>quod</strong></span> <span class='ocrx_word' id='word_1_462' title='bbox 2378 2320 2415 2360; x_wconf 87' lang='lat' dir='ltr'><strong>si</strong></span> <span class='ocrx_word' id='word_1_463' title='bbox 2432 2321 2685 2373; x_wconf 85' lang='lat' dir='ltr'><strong>respexeris,</strong></span> 
     </span>
     <span class='ocr_line' id='line_1_35' title="bbox 269 2377 1964 2430; baseline 0 -12"><span class='ocrx_word' id='word_1_464' title='bbox 269 2378 385 2418; x_wconf 89' lang='lat' dir='ltr'><strong>haud</strong></span> <span class='ocrx_word' id='word_1_465' title='bbox 419 2377 566 2418; x_wconf 89' lang='lat' dir='ltr'><strong>credes</strong></span> <span class='ocrx_word' id='word_1_466' title='bbox 598 2378 755 2417; x_wconf 85' lang='lat' dir='ltr'><strong>dictum</strong></span> <span class='ocrx_word' id='word_1_467' title='bbox 788 2377 890 2417; x_wconf 84' lang='lat' dir='ltr'><strong>illud</strong></span> <span class='ocrx_word' id='word_1_468' title='bbox 922 2390 1017 2417; x_wconf 90' lang='lat' dir='ltr'><strong>esse</strong></span> <span class='ocrx_word' id='word_1_469' title='bbox 1050 2377 1241 2417; x_wconf 86' lang='lat' dir='ltr'><strong>additum</strong></span> <span class='ocrx_word' id='word_1_470' title='bbox 1273 2377 1327 2417; x_wconf 87' lang='lat' dir='ltr'><strong>ab</strong></span> <span class='ocrx_word' id='word_1_471' title='bbox 1360 2378 1445 2417; x_wconf 92' lang='lat' dir='ltr'><strong>ullo</strong></span> <span class='ocrx_word' id='word_1_472' title='bbox 1478 2378 1750 2430; x_wconf 87' lang='lat' dir='ltr'><strong>peripatetico</strong></span> <span class='ocrx_word' id='word_1_473' title='bbox 1782 2378 1964 2418; x_wconf 89' lang='lat' dir='ltr'><strong>aliunde.</strong></span> 
     </span>
    </p>

    <p class='ocr_par' dir='ltr' id='par_1_10' title="bbox 266 2436 2686 2607">
     <span class='ocr_line' id='line_1_36' title="bbox 484 2436 2686 2490; baseline 0.001 -13"><span class='ocrx_word' id='word_1_474' title='bbox 484 2436 755 2477; x_wconf 83' lang='lat' dir='ltr'><strong>Manifestum</strong></span> <span class='ocrx_word' id='word_1_475' title='bbox 787 2449 882 2477; x_wconf 88' lang='lat' dir='ltr'><strong>esse</strong></span> <span class='ocrx_word' id='word_1_476' title='bbox 913 2438 1016 2477; x_wconf 91' lang='lat' dir='ltr'><strong>mihi</strong></span> <span class='ocrx_word' id='word_1_477' title='bbox 1050 2437 1220 2477; x_wconf 89' lang='lat' dir='ltr'><strong>videtur</strong></span> <span class='ocrx_word' id='word_1_478' title='bbox 1251 2437 1407 2477; x_wconf 83' lang='lat' dir='ltr'><strong>fontem</strong></span> <span class='ocrx_word' id='word_1_479' title='bbox 1441 2437 1612 2477; x_wconf 90' lang='lat' dir='ltr'><strong>omnino</strong></span> <span class='ocrx_word' id='word_1_480' title='bbox 1644 2437 1789 2485; x_wconf 86' lang='lat' dir='ltr'><strong>fuisse,</strong></span> <span class='ocrx_word' id='word_1_481' title='bbox 1834 2437 1888 2477; x_wconf 90' lang='lat' dir='ltr'><strong>ad</strong></span> <span class='ocrx_word' id='word_1_482' title='bbox 1930 2449 2055 2490; x_wconf 89' lang='lat' dir='ltr'><strong>quem</strong></span> <span class='ocrx_word' id='word_1_483' title='bbox 2093 2438 2237 2490; x_wconf 87' lang='lat' dir='ltr'><strong>aliquo</strong></span> <span class='ocrx_word' id='word_1_484' title='bbox 2274 2438 2400 2478; x_wconf 92' lang='lat' dir='ltr'><strong>modo</strong></span> <span class='ocrx_word' id='word_1_485' title='bbox 2438 2438 2615 2479; x_wconf 90' lang='lat' dir='ltr'><strong>redeunt</strong></span> <span class='ocrx_word' id='word_1_486' title='bbox 2646 2444 2686 2479; x_wconf 91' lang='lat' dir='ltr'><strong>et</strong></span> 
     </span>
     <span class='ocr_line' id='line_1_37' title="bbox 267 2495 2685 2551; baseline 0.001 -14"><span class='ocrx_word' id='word_1_487' title='bbox 267 2512 294 2537; x_wconf 88' lang='grc' dir='ltr'><em>α</em></span> <span class='ocrx_word' id='word_1_488' title='bbox 326 2503 366 2537; x_wconf 89' lang='grc'><strong>61</strong></span> <span class='ocrx_word' id='word_1_489' title='bbox 391 2495 436 2549; x_wconf 86' lang='grc' dir='ltr'><em>β,</em></span> <span class='ocrx_word' id='word_1_490' title='bbox 467 2502 507 2537; x_wconf 92' lang='grc'><strong>61</strong></span> <span class='ocrx_word' id='word_1_491' title='bbox 542 2496 623 2536; x_wconf 87' lang='grc'>1106</span> <span class='ocrx_word' id='word_1_492' title='bbox 654 2509 786 2536; x_wconf 90' lang='lat' dir='ltr'><strong>unum</strong></span> <span class='ocrx_word' id='word_1_493' title='bbox 818 2496 1026 2548; x_wconf 91' lang='lat' dir='ltr'><strong>exemplis</strong></span> <span class='ocrx_word' id='word_1_494' title='bbox 1058 2509 1168 2548; x_wconf 89' lang='lat' dir='ltr'><strong>quas</strong></span> <span class='ocrx_word' id='word_1_495' title='bbox 1199 2497 1319 2536; x_wconf 84' lang='lat' dir='ltr'><strong>attuli</strong></span> <span class='ocrx_word' id='word_1_496' title='bbox 1351 2496 1562 2537; x_wconf 88' lang='lat' dir='ltr'><strong>adductus</strong></span> <span class='ocrx_word' id='word_1_497' title='bbox 1595 2509 1699 2537; x_wconf 89' lang='lat' dir='ltr'><strong>sane</strong></span> <span class='ocrx_word' id='word_1_498' title='bbox 1732 2496 1868 2536; x_wconf 88' lang='grc'>1161160</span> <span class='ocrx_word' id='word_1_499' title='bbox 1901 2509 2173 2549; x_wconf 88' lang='lat' dir='ltr'><strong>persuasum:</strong></span> <span class='ocrx_word' id='word_1_500' title='bbox 2221 2498 2392 2538; x_wconf 90' lang='lat' dir='ltr'><strong>minime</strong></span> <span class='ocrx_word' id='word_1_501' title='bbox 2422 2497 2514 2538; x_wconf 89' lang='lat' dir='ltr'><strong>fieri</strong></span> <span class='ocrx_word' id='word_1_502' title='bbox 2547 2510 2685 2551; x_wconf 90' lang='lat' dir='ltr'><strong>posse,</strong></span> 
     </span>
     <span class='ocr_line' id='line_1_38' title="bbox 266 2553 2390 2607; baseline 0 -12"><span class='ocrx_word' id='word_1_503' title='bbox 266 2561 313 2595; x_wconf 92' lang='lat' dir='ltr'><strong>ut</strong></span> <span class='ocrx_word' id='word_1_504' title='bbox 342 2555 481 2596; x_wconf 83' lang='lat' dir='ltr'><strong>forma</strong></span> <span class='ocrx_word' id='word_1_505' title='bbox 505 2553 538 2607; x_wconf 88' lang='grc' dir='ltr'><em>β</em></span> <span class='ocrx_word' id='word_1_506' title='bbox 569 2555 776 2594; x_wconf 86' lang='lat' dir='ltr'><strong>habeatur</strong></span> <span class='ocrx_word' id='word_1_507' title='bbox 807 2556 910 2594; x_wconf 90' lang='grc'>611111</span> <span class='ocrx_word' id='word_1_508' title='bbox 941 2555 1055 2594; x_wconf 90' lang='lat' dir='ltr'><strong>aliud</strong></span> <span class='ocrx_word' id='word_1_509' title='bbox 1088 2556 1171 2594; x_wconf 91' lang='lat' dir='ltr'><strong>nisi</strong></span> <span class='ocrx_word' id='word_1_510' title='bbox 1202 2556 1443 2607; x_wconf 87' lang='lat' dir='ltr'><strong>exemplum</strong></span> <span class='ocrx_word' id='word_1_511' title='bbox 1475 2561 1514 2594; x_wconf 88' lang='lat' dir='ltr'><strong>et</strong></span> <span class='ocrx_word' id='word_1_512' title='bbox 1547 2561 1793 2607; x_wconf 85' lang='lat' dir='ltr'><strong>corruptum</strong></span> <span class='ocrx_word' id='word_1_513' title='bbox 1827 2560 1866 2594; x_wconf 90' lang='lat' dir='ltr'><strong>et</strong></span> <span class='ocrx_word' id='word_1_514' title='bbox 1896 2556 2194 2607; x_wconf 88' lang='lat' dir='ltr'><strong>interpolatum</strong></span> <span class='ocrx_word' id='word_1_515' title='bbox 2226 2556 2321 2595; x_wconf 89' lang='lat' dir='ltr'><strong>libri</strong></span> <span class='ocrx_word' id='word_1_516' title='bbox 2352 2570 2390 2599; x_wconf 91' lang='grc' dir='ltr'><em>α,</em></span> 
     </span>
    </p>

    <p class='ocr_par' dir='ltr' id='par_1_11' title="bbox 267 2614 2685 2785">
     <span class='ocr_line' id='line_1_39' title="bbox 483 2614 2685 2667; baseline 0.001 -15"><span class='ocrx_word' id='word_1_517' title='bbox 483 2614 597 2661; x_wconf 85' lang='lat' dir='ltr'><strong>Quid</strong></span> <span class='ocrx_word' id='word_1_518' title='bbox 628 2620 769 2652; x_wconf 87' lang='lat' dir='ltr'><strong>autem</strong></span> <span class='ocrx_word' id='word_1_519' title='bbox 801 2615 940 2653; x_wconf 86' lang='lat' dir='ltr'><strong>dicere</strong></span> <span class='ocrx_word' id='word_1_520' title='bbox 972 2626 1205 2665; x_wconf 89' lang='lat' dir='ltr'><strong>possumus</strong></span> <span class='ocrx_word' id='word_1_521' title='bbox 1237 2614 1290 2652; x_wconf 92' lang='lat' dir='ltr'><strong>de</strong></span> <span class='ocrx_word' id='word_1_522' title='bbox 1327 2615 1559 2665; x_wconf 85' lang='lat' dir='ltr'><strong>exemplari</strong></span> <span class='ocrx_word' id='word_1_523' title='bbox 1598 2615 1667 2653; x_wconf 90' lang='lat' dir='ltr'><strong>illo</strong></span> <span class='ocrx_word' id='word_1_524' title='bbox 1709 2615 1950 2653; x_wconf 77' lang='lat' dir='ltr'><strong>communi?</strong></span> <span class='ocrx_word' id='word_1_525' title='bbox 1987 2615 2161 2666; x_wconf 89' lang='lat' dir='ltr'><strong>probari</strong></span> <span class='ocrx_word' id='word_1_526' title='bbox 2204 2626 2332 2666; x_wconf 85' lang='lat' dir='ltr'><strong>posse</strong></span> <span class='ocrx_word' id='word_1_527' title='bbox 2372 2621 2475 2667; x_wconf 91' lang='lat' dir='ltr'><strong>puto</strong></span> <span class='ocrx_word' id='word_1_528' title='bbox 2519 2615 2561 2655; x_wconf 94' lang='lat' dir='ltr'><strong>id</strong></span> <span class='ocrx_word' id='word_1_529' title='bbox 2599 2628 2685 2655; x_wconf 92' lang='lat' dir='ltr'><strong>non</strong></span> 
     </span>
     <span class='ocr_line' id='line_1_40' title="bbox 267 2673 2685 2727; baseline 0 -13"><span class='ocrx_word' id='word_1_530' title='bbox 267 2674 375 2714; x_wconf 89' lang='lat' dir='ltr'><strong>libro</strong></span> <span class='ocrx_word' id='word_1_531' title='bbox 408 2673 595 2726; x_wconf 87' lang='lat' dir='ltr'><strong>speciem</strong></span> <span class='ocrx_word' id='word_1_532' title='bbox 628 2673 847 2713; x_wconf 90' lang='lat' dir='ltr'><strong>rettulisse.</strong></span> <span class='ocrx_word' id='word_1_533' title='bbox 912 2686 1008 2713; x_wconf 86' lang='lat' dir='ltr'><strong>nam</strong></span> <span class='ocrx_word' id='word_1_534' title='bbox 1048 2685 1216 2713; x_wconf 88' lang='lat' dir='ltr'><strong>errores</strong></span> <span class='ocrx_word' id='word_1_535' title='bbox 1254 2674 1545 2722; x_wconf 86' lang='lat' dir='ltr'><strong>inveniuntur,</strong></span> <span class='ocrx_word' id='word_1_536' title='bbox 1583 2674 1627 2713; x_wconf 91' lang='lat' dir='ltr'><strong>in</strong></span> <span class='ocrx_word' id='word_1_537' title='bbox 1665 2684 1774 2726; x_wconf 90' lang='lat' dir='ltr'><strong>quos</strong></span> <span class='ocrx_word' id='word_1_538' title='bbox 1813 2673 1886 2725; x_wconf 90' lang='lat' dir='ltr'><strong>qui</strong></span> <span class='ocrx_word' id='word_1_539' title='bbox 1923 2673 2084 2714; x_wconf 87' lang='lat' dir='ltr'><strong>erravit</strong></span> <span class='ocrx_word' id='word_1_540' title='bbox 2124 2673 2269 2714; x_wconf 84' lang='lat' dir='ltr'><strong>induci</strong></span> <span class='ocrx_word' id='word_1_541' title='bbox 2307 2685 2392 2714; x_wconf 89' lang='lat' dir='ltr'><strong>non</strong></span> <span class='ocrx_word' id='word_1_542' title='bbox 2430 2674 2565 2727; x_wconf 86' lang='lat' dir='ltr'><strong>potuit</strong></span> <span class='ocrx_word' id='word_1_543' title='bbox 2603 2674 2685 2715; x_wconf 87' lang='lat' dir='ltr'><strong>nisi</strong></span> 
     </span>
     <span class='ocr_line' id='line_1_41' title="bbox 269 2731 1294 2785; baseline -0.003 -11"><span class='ocrx_word' id='word_1_544' title='bbox 269 2733 448 2773; x_wconf 84' lang='lat' dir='ltr'><strong>dicentis</strong></span> <span class='ocrx_word' id='word_1_545' title='bbox 482 2732 553 2772; x_wconf 90' lang='lat' dir='ltr'><strong>vel</strong></span> <span class='ocrx_word' id='word_1_546' title='bbox 585 2731 831 2771; x_wconf 88' lang='lat' dir='ltr'><strong>disserentis</strong></span> <span class='ocrx_word' id='word_1_547' title='bbox 864 2732 1104 2785; x_wconf 88' lang='lat' dir='ltr'><strong>philosophi</strong></span> <span class='ocrx_word' id='word_1_548' title='bbox 1139 2732 1294 2773; x_wconf 88' lang='lat' dir='ltr'><strong>verbis.</strong></span> 
     </span>
    </p>

    <p class='ocr_par' dir='ltr' id='par_1_12' title="bbox 266 2789 2686 3024">
     <span class='ocr_line' id='line_1_42' title="bbox 483 2789 2686 2846; baseline 0.002 -18"><span class='ocrx_word' id='word_1_549' title='bbox 483 2804 521 2843; x_wconf 91' lang='lat' dir='ltr'><strong>p.</strong></span> <span class='ocrx_word' id='word_1_550' title='bbox 546 2789 691 2829; x_wconf 71' lang='lat'>247121</span> <span class='ocrx_word' id='word_1_551' title='bbox 727 2792 910 2842; x_wconf 87' lang='lat' dir='ltr'><strong>legimus</strong></span> <span class='ocrx_word' id='word_1_552' title='bbox 942 2794 986 2830; x_wconf 87' lang='lat' dir='ltr'><strong>in</strong></span> <span class='ocrx_word' id='word_1_553' title='bbox 1018 2805 1062 2829; x_wconf 81' lang='lat' dir='ltr'><strong>a:</strong></span> <span class='ocrx_word' id='word_1_554' title='bbox 1095 2791 1195 2830; x_wconf 87' lang='grc' dir='ltr'><em>ἀλλὰ</em></span> <span class='ocrx_word' id='word_1_555' title='bbox 1224 2791 1309 2846; x_wconf 85' lang='grc' dir='ltr'><strong>μὴν</strong></span> <span class='ocrx_word' id='word_1_556' title='bbox 1342 2790 1430 2829; x_wconf 79' lang='grc' dir='ltr'><em>οὐδ’</em></span> <span class='ocrx_word' id='word_1_557' title='bbox 1463 2792 1505 2830; x_wconf 81' lang='grc' dir='ltr'><em>αἱ</em></span> <span class='ocrx_word' id='word_1_558' title='bbox 1538 2793 1608 2830; x_wconf 82' lang='grc' dir='ltr'><em>τοῦ</em></span> <span class='ocrx_word' id='word_1_559' title='bbox 1639 2793 1819 2846; x_wconf 74' lang='grc' dir='ltr'><em>νοητικοῦ</em></span> <span class='ocrx_word' id='word_1_560' title='bbox 1845 2790 1999 2845; x_wconf 89' lang='grc' dir='ltr'><em>μέρους</em></span> <span class='ocrx_word' id='word_1_561' title='bbox 2033 2790 2136 2839; x_wconf 74' lang='grc' dir='ltr'><em>ἕξεις</em></span> <span class='ocrx_word' id='word_1_562' title='bbox 2164 2791 2407 2840; x_wconf 80' lang='grc' dir='ltr'><em>ἀλλοιώσεις,</em></span> <span class='ocrx_word' id='word_1_563' title='bbox 2449 2791 2538 2831; x_wconf 78' lang='grc' dir='ltr'><em>οὐδ’</em></span> <span class='ocrx_word' id='word_1_564' title='bbox 2585 2790 2686 2832; x_wconf 84' lang='grc' dir='ltr'><em>ἔστιν</em></span> 
     </span>
     <span class='ocr_line' id='line_1_43' title="bbox 267 2846 2686 2906; baseline 0 -16"><span class='ocrx_word' id='word_1_565' title='bbox 267 2849 401 2890; x_wconf 80' lang='grc' dir='ltr'><em>αὐτῶν</em></span> <span class='ocrx_word' id='word_1_566' title='bbox 424 2848 587 2903; x_wconf 84' lang='grc' dir='ltr'><em>γένεσις.</em></span> <span class='ocrx_word' id='word_1_567' title='bbox 634 2848 729 2890; x_wconf 88' lang='grc' dir='ltr'><em>πολὺ</em></span> <span class='ocrx_word' id='word_1_568' title='bbox 752 2848 830 2904; x_wconf 82' lang='grc' dir='ltr'><em>γὰρ</em></span> <span class='ocrx_word' id='word_1_569' title='bbox 854 2849 1033 2904; x_wconf 81' lang='grc' dir='ltr'><em>μάλιστα</em></span> <span class='ocrx_word' id='word_1_570' title='bbox 1066 2849 1115 2889; x_wconf 84' lang='grc' dir='ltr'><em>τὸ</em></span> <span class='ocrx_word' id='word_1_571' title='bbox 1147 2848 1367 2905; x_wconf 81' lang='grc' dir='ltr'><em>ἐπιστῆμον</em></span> <span class='ocrx_word' id='word_1_572' title='bbox 1400 2848 1445 2890; x_wconf 87' lang='grc' dir='ltr'><strong>ἐν</strong></span> <span class='ocrx_word' id='word_1_573' title='bbox 1478 2849 1535 2904; x_wconf 84' lang='grc' dir='ltr'><em>τῷ</em></span> <span class='ocrx_word' id='word_1_574' title='bbox 1567 2848 1670 2905; x_wconf 88' lang='grc' dir='ltr'><em>πρός</em></span> <span class='ocrx_word' id='word_1_575' title='bbox 1701 2849 1738 2890; x_wconf 89' lang='grc' dir='ltr'><em>τί</em></span> <span class='ocrx_word' id='word_1_576' title='bbox 1765 2864 1849 2898; x_wconf 90' lang='grc' dir='ltr'><strong>πως</strong></span> <span class='ocrx_word' id='word_1_577' title='bbox 1877 2846 1980 2906; x_wconf 78' lang='grc' dir='ltr'><em>ἔχειν</em></span> <span class='ocrx_word' id='word_1_578' title='bbox 2011 2848 2193 2904; x_wconf 87' lang='grc' dir='ltr'><em>λέγομεν.</em></span> <span class='ocrx_word' id='word_1_579' title='bbox 2245 2847 2301 2892; x_wconf 85' lang='grc' dir='ltr'><strong>ἔτι</strong></span> <span class='ocrx_word' id='word_1_580' title='bbox 2331 2849 2380 2892; x_wconf 82' lang='grc' dir='ltr'><strong>δὲ</strong></span> <span class='ocrx_word' id='word_1_581' title='bbox 2411 2866 2476 2891; x_wconf 92' lang='grc' dir='ltr'><strong>και</strong></span> <span class='ocrx_word' id='word_1_582' title='bbox 2507 2866 2686 2906; x_wconf 85' lang='grc' dir='ltr'><em>φανερον</em></span> 
     </span>
     <span class='ocr_line' id='line_1_44' title="bbox 266 2905 2685 2966; baseline 0 -17"><span class='ocrx_word' id='word_1_583' title='bbox 266 2908 330 2950; x_wconf 78' lang='grc' dir='ltr'><strong>ὅτι</strong></span> <span class='ocrx_word' id='word_1_584' title='bbox 367 2908 443 2949; x_wconf 78' lang='grc' dir='ltr'><em>οὐκ</em></span> <span class='ocrx_word' id='word_1_585' title='bbox 482 2905 588 2948; x_wconf 87' lang='grc' dir='ltr'><em>ἔστιν</em></span> <span class='ocrx_word' id='word_1_586' title='bbox 628 2907 766 2949; x_wconf 80' lang='grc' dir='ltr'><em>αὐτῶν</em></span> <span class='ocrx_word' id='word_1_587' title='bbox 810 2907 969 2961; x_wconf 79' lang='grc' dir='ltr'><em>γένεσις.</em></span> <span class='ocrx_word' id='word_1_588' title='bbox 1034 2909 1076 2949; x_wconf 78' lang='grc' dir='ltr'><em>τὸ</em></span> <span class='ocrx_word' id='word_1_589' title='bbox 1119 2907 1198 2964; x_wconf 86' lang='grc' dir='ltr'><em>γὰρ</em></span> <span class='ocrx_word' id='word_1_590' title='bbox 1239 2908 1342 2949; x_wconf 87' lang='grc' dir='ltr'><em>κατὰ</em></span> <span class='ocrx_word' id='word_1_591' title='bbox 1381 2907 1551 2962; x_wconf 85' lang='grc' dir='ltr'><em>δύναμιν</em></span> <span class='ocrx_word' id='word_1_592' title='bbox 1595 2907 1812 2966; x_wconf 76' lang='grc' dir='ltr'><em>ἐπιστῆμον</em></span> <span class='ocrx_word' id='word_1_593' title='bbox 1849 2908 1971 2949; x_wconf 82' lang='grc' dir='ltr'><em>οὐδὲν</em></span> <span class='ocrx_word' id='word_1_594' title='bbox 2012 2908 2111 2950; x_wconf 77' lang='grc' dir='ltr'><em>αὐτὸ</em></span> <span class='ocrx_word' id='word_1_595' title='bbox 2154 2908 2314 2966; x_wconf 87' lang='grc' dir='ltr'><em>κινηθὲν</em></span> <span class='ocrx_word' id='word_1_596' title='bbox 2354 2909 2454 2950; x_wconf 88' lang='grc' dir='ltr'><em>ἀλλὰ</em></span> <span class='ocrx_word' id='word_1_597' title='bbox 2491 2910 2549 2964; x_wconf 86' lang='grc' dir='ltr'><em>τῷ</em></span> <span class='ocrx_word' id='word_1_598' title='bbox 2585 2908 2685 2950; x_wconf 85' lang='grc' dir='ltr'><em>ἄλλα</em></span> 
     </span>
     <span class='ocr_line' id='line_1_45' title="bbox 266 2966 2682 3034; baseline 0 -25"><span class='ocrx_word' id='word_1_599' title='bbox 266 2968 442 3024; x_wconf 76' lang='grc' dir='ltr'><em>ὑπάρξαι</em></span> <span class='ocrx_word' id='word_1_600' title='bbox 476 2966 619 3034; x_wconf 81' lang='grc' dir='ltr'><em>γίνεται</em></span> <span class='ocrx_word' id='word_1_601' title='bbox 651 2966 875 3023; x_wconf 81' lang='grc' dir='ltr'><em>ἐπιστῆμον.</em></span> <span class='ocrx_word' id='word_1_602' title='bbox 936 2968 1034 3009; x_wconf 73' lang='grc' dir='ltr'><em>ὅταν</em></span> <span class='ocrx_word' id='word_1_603' title='bbox 1068 2967 1147 3023; x_wconf 83' lang='grc' dir='ltr'><em>γὰρ</em></span> <span class='ocrx_word' id='word_1_604' title='bbox 1180 2966 1340 3024; x_wconf 87' lang='grc' dir='ltr'><em>γένηται</em></span> <span class='ocrx_word' id='word_1_605' title='bbox 1371 2982 1415 3008; x_wconf 89' lang='grc' dir='ltr'><em>το</em></span> <span class='ocrx_word' id='word_1_606' title='bbox 1448 2968 1546 3008; x_wconf 82' lang='grc' dir='ltr'><em>κατὰ</em></span> <span class='ocrx_word' id='word_1_607' title='bbox 1575 2967 1713 3022; x_wconf 88' lang='grc' dir='ltr'><em>μέρος.</em></span> <span class='ocrx_word' id='word_1_608' title='bbox 1747 2967 1958 3008; x_wconf 83' lang='grc' dir='ltr'><em>ἐπίσταταί</em></span> <span class='ocrx_word' id='word_1_609' title='bbox 1988 2982 2076 3017; x_wconf 89' lang='grc' dir='ltr'><strong>πως</strong></span> <span class='ocrx_word' id='word_1_610' title='bbox 2107 2969 2152 3023; x_wconf 81' lang='grc' dir='ltr'><em>τῇ</em></span> <span class='ocrx_word' id='word_1_611' title='bbox 2185 2967 2361 3008; x_wconf 84' lang='grc' dir='ltr'><em>καθόλου</em></span> <span class='ocrx_word' id='word_1_612' title='bbox 2399 2969 2443 3007; x_wconf 81' lang='grc' dir='ltr'><em>τὸ</em></span> <span class='ocrx_word' id='word_1_613' title='bbox 2482 2966 2524 3008; x_wconf 88' lang='grc' dir='ltr'><strong>ἐν</strong></span> <span class='ocrx_word' id='word_1_614' title='bbox 2550 2966 2682 3023; x_wconf 85' lang='grc' dir='ltr'><em>μέρει.</em></span> 
     </span>
    </p>

    <p class='ocr_par' dir='ltr' id='par_1_13' title="bbox 264 3025 2685 3261">
     <span class='ocr_line' id='line_1_46' title="bbox 482 3025 2684 3084; baseline 0 -17"><span class='ocrx_word' id='word_1_615' title='bbox 482 3028 550 3068; x_wconf 89' lang='grc'>6111</span> <span class='ocrx_word' id='word_1_616' title='bbox 591 3027 850 3079; x_wconf 87' lang='lat' dir='ltr'><strong>respondent</strong></span> <span class='ocrx_word' id='word_1_617' title='bbox 893 3028 934 3067; x_wconf 91' lang='grc'><strong>16</strong></span> <span class='ocrx_word' id='word_1_618' title='bbox 969 3026 1002 3079; x_wconf 88' lang='grc' dir='ltr'><em>β</em></span> <span class='ocrx_word' id='word_1_619' title='bbox 1042 3040 1080 3080; x_wconf 93' lang='lat' dir='ltr'><strong>p.</strong></span> <span class='ocrx_word' id='word_1_620' title='bbox 1110 3028 1310 3067; x_wconf 71' lang='lat'>247⁸28:</span> <span class='ocrx_word' id='word_1_621' title='bbox 1351 3026 1451 3067; x_wconf 86' lang='grc' dir='ltr'><em>ἀλλὰ</em></span> <span class='ocrx_word' id='word_1_622' title='bbox 1491 3027 1574 3083; x_wconf 77' lang='grc' dir='ltr'><strong>μὴν</strong></span> <span class='ocrx_word' id='word_1_623' title='bbox 1616 3026 1705 3066; x_wconf 83' lang='grc' dir='ltr'><strong>ουδ</strong></span> <span class='ocrx_word' id='word_1_624' title='bbox 1748 3041 1789 3067; x_wconf 91' lang='grc' dir='ltr'><strong>εν</strong></span> <span class='ocrx_word' id='word_1_625' title='bbox 1833 3027 1890 3080; x_wconf 81' lang='grc' dir='ltr'><em>τῷ</em></span> <span class='ocrx_word' id='word_1_626' title='bbox 1931 3026 2176 3082; x_wconf 82' lang='grc' dir='ltr'><em>διανοητικῷ</em></span> <span class='ocrx_word' id='word_1_627' title='bbox 2215 3025 2335 3081; x_wconf 86' lang='grc' dir='ltr'><em>μέρει</em></span> <span class='ocrx_word' id='word_1_628' title='bbox 2375 3028 2450 3082; x_wconf 79' lang='grc' dir='ltr'><strong>τῆς</strong></span> <span class='ocrx_word' id='word_1_629' title='bbox 2485 3028 2622 3084; x_wconf 77' lang='grc' dir='ltr'><em>ψυχῆς</em></span> <span class='ocrx_word' id='word_1_630' title='bbox 2659 3028 2684 3084; x_wconf 79' lang='lat'><strong>7</strong></span> 
     </span>
     <span class='ocr_line' id='line_1_47' title="bbox 265 3067 2683 3157; baseline 0 -30"><span class='ocrx_word' id='word_1_631' title='bbox 265 3085 482 3136; x_wconf 87' lang='grc' dir='ltr'><em>ἀλλοίωσις.</em></span> <span class='ocrx_word' id='word_1_632' title='bbox 546 3100 590 3126; x_wconf 92' lang='grc' dir='ltr'><em>το</em></span> <span class='ocrx_word' id='word_1_633' title='bbox 623 3085 703 3141; x_wconf 85' lang='grc' dir='ltr'><em>γὰρ</em></span> <span class='ocrx_word' id='word_1_634' title='bbox 734 3084 943 3157; x_wconf 73' lang='grc' dir='ltr'><em>ἐπιστῆμον</em></span> <span class='ocrx_word' id='word_1_635' title='bbox 968 3085 1145 3140; x_wconf 80' lang='grc' dir='ltr'><em>μάλιστα</em></span> <span class='ocrx_word' id='word_1_636' title='bbox 1176 3088 1257 3126; x_wconf 85' lang='grc' dir='ltr'><strong>τῶν</strong></span> <span class='ocrx_word' id='word_1_637' title='bbox 1290 3085 1391 3142; x_wconf 90' lang='grc' dir='ltr'><em>πρός</em></span> <span class='ocrx_word' id='word_1_638' title='bbox 1419 3101 1452 3126; x_wconf 70' lang='grc' dir='ltr'><em>τι</em></span> <span class='ocrx_word' id='word_1_639' title='bbox 1481 3085 1648 3138; x_wconf 88' lang='grc' dir='ltr'><em>λέγεται.</em></span> <span class='ocrx_word' id='word_1_640' title='bbox 1696 3087 1817 3125; x_wconf 79' lang='grc' dir='ltr'><em>τοῦτο</em></span> <span class='ocrx_word' id='word_1_641' title='bbox 1849 3067 1897 3125; x_wconf 78' lang='grc' dir='ltr'><strong>δὲ</strong></span> <span class='ocrx_word' id='word_1_642' title='bbox 1929 3084 2072 3141; x_wconf 74' lang='grc' dir='ltr'><em>δῆλον·</em></span> <span class='ocrx_word' id='word_1_643' title='bbox 2091 3087 2174 3126; x_wconf 86' lang='grc' dir='ltr'><em>κατ’</em></span> <span class='ocrx_word' id='word_1_644' title='bbox 2196 3084 2387 3140; x_wconf 82' lang='grc' dir='ltr'><em>ου’ὀεμίαν</em></span> <span class='ocrx_word' id='word_1_645' title='bbox 2415 3086 2492 3142; x_wconf 88' lang='grc' dir='ltr'><em>γὰρ</em></span> <span class='ocrx_word' id='word_1_646' title='bbox 2514 3085 2683 3141; x_wconf 83' lang='grc' dir='ltr'><em>δύναμιν</em></span> 
     </span>
     <span class='ocr_line' id='line_1_48' title="bbox 264 3144 2685 3203; baseline 0 -17"><span class='ocrx_word' id='word_1_647' title='bbox 264 3145 482 3203; x_wconf 82' lang='grc' dir='ltr'><em>κινηθεῖσιν</em></span> <span class='ocrx_word' id='word_1_648' title='bbox 513 3144 743 3200; x_wconf 72' lang='grc' dir='ltr'><em>ἐγγίγνεται</em></span> <span class='ocrx_word' id='word_1_649' title='bbox 774 3145 818 3185; x_wconf 85' lang='grc' dir='ltr'><em>τὸ</em></span> <span class='ocrx_word' id='word_1_650' title='bbox 849 3148 918 3202; x_wconf 77' lang='grc' dir='ltr'><strong>τῆς</strong></span> <span class='ocrx_word' id='word_1_651' title='bbox 946 3144 1174 3203; x_wconf 75' lang='grc' dir='ltr'><em>ἐπιστήμης,</em></span> <span class='ocrx_word' id='word_1_652' title='bbox 1208 3146 1290 3185; x_wconf 80' lang='grc' dir='ltr'><em>ἀλλ’</em></span> <span class='ocrx_word' id='word_1_653' title='bbox 1323 3144 1573 3200; x_wconf 77' lang='grc' dir='ltr'><em>ὑπάρξαντός</em></span> <span class='ocrx_word' id='word_1_654' title='bbox 1609 3157 1740 3193; x_wconf 86' lang='grc' dir='ltr'><em>τινος·</em></span> <span class='ocrx_word' id='word_1_655' title='bbox 1759 3159 1804 3185; x_wconf 90' lang='grc' dir='ltr'><em>εκ</em></span> <span class='ocrx_word' id='word_1_656' title='bbox 1841 3144 1919 3200; x_wconf 86' lang='grc' dir='ltr'><em>γὰρ</em></span> <span class='ocrx_word' id='word_1_657' title='bbox 1956 3147 2029 3201; x_wconf 81' lang='grc' dir='ltr'><strong>τῆς</strong></span> <span class='ocrx_word' id='word_1_658' title='bbox 2069 3160 2168 3185; x_wconf 89' lang='grc' dir='ltr'><em>κατα</em></span> <span class='ocrx_word' id='word_1_659' title='bbox 2211 3144 2339 3201; x_wconf 87' lang='grc' dir='ltr'><em>μέρος</em></span> <span class='ocrx_word' id='word_1_660' title='bbox 2379 3144 2581 3201; x_wconf 86' lang='grc' dir='ltr'><em>ἐμπειρίας</em></span> <span class='ocrx_word' id='word_1_661' title='bbox 2614 3146 2685 3202; x_wconf 81' lang='grc' dir='ltr'><strong>τὴν</strong></span> 
     </span>
     <span class='ocr_line' id='line_1_49' title="bbox 264 3204 989 3261; baseline -0.001 -15"><span class='ocrx_word' id='word_1_662' title='bbox 264 3205 442 3246; x_wconf 81' lang='grc' dir='ltr'><em>καθόλου</em></span> <span class='ocrx_word' id='word_1_663' title='bbox 472 3204 736 3259; x_wconf 82' lang='grc' dir='ltr'><em>λαμβάνομεν</em></span> <span class='ocrx_word' id='word_1_664' title='bbox 766 3205 989 3261; x_wconf 74' lang='grc' dir='ltr'><em>ἐπιστήμην.</em></span> 
     </span>
    </p>

    <p class='ocr_par' dir='ltr' id='par_1_14' title="bbox 482 3264 2399 3316">
     <span class='ocr_line' id='line_1_50' title="bbox 482 3264 2399 3316; baseline 0 -13"><span class='ocrx_word' id='word_1_665' title='bbox 482 3265 682 3303; x_wconf 88' lang='lat' dir='ltr'><strong>videmus</strong></span> <span class='ocrx_word' id='word_1_666' title='bbox 713 3265 845 3315; x_wconf 90' lang='lat' dir='ltr'><strong>igitur</strong></span> <span class='ocrx_word' id='word_1_667' title='bbox 875 3277 929 3304; x_wconf 88' lang='lat' dir='ltr'><strong>ex</strong></span> <span class='ocrx_word' id='word_1_668' title='bbox 960 3279 987 3304; x_wconf 91' lang='grc' dir='ltr'><em>α</em></span> <span class='ocrx_word' id='word_1_669' title='bbox 1019 3264 1128 3304; x_wconf 86' lang='grc'>(11168</span> <span class='ocrx_word' id='word_1_670' title='bbox 1162 3266 1394 3305; x_wconf 85' lang='grc'>8661661168</span> <span class='ocrx_word' id='word_1_671' title='bbox 1427 3265 1599 3316; x_wconf 87' lang='lat' dir='ltr'><strong>probari</strong></span> <span class='ocrx_word' id='word_1_672' title='bbox 1632 3276 1771 3316; x_wconf 87' lang='lat' dir='ltr'><strong>posse,</strong></span> <span class='ocrx_word' id='word_1_673' title='bbox 1804 3277 1913 3316; x_wconf 88' lang='lat' dir='ltr'><strong>quas</strong></span> <span class='ocrx_word' id='word_1_674' title='bbox 1946 3265 2026 3304; x_wconf 90' lang='lat' dir='ltr'><strong>hoc</strong></span> <span class='ocrx_word' id='word_1_675' title='bbox 2057 3265 2182 3304; x_wconf 90' lang='lat' dir='ltr'><strong>modo</strong></span> <span class='ocrx_word' id='word_1_676' title='bbox 2216 3270 2399 3303; x_wconf 88' lang='lat' dir='ltr'><strong>vertam:</strong></span> 
     </span>
    </p>

    <p class='ocr_par' dir='ltr' id='par_1_15' title="bbox 553 3322 2683 3376">
     <span class='ocr_line' id='line_1_51' title="bbox 553 3322 2683 3376; baseline 0.001 -14"><span class='ocrx_word' id='word_1_677' title='bbox 553 3323 582 3362; x_wconf 93' lang='grc' dir='ltr'><em>Ι.</em></span> <span class='ocrx_word' id='word_1_678' title='bbox 615 3322 693 3362; x_wconf 88' lang='grc'>(168</span> <span class='ocrx_word' id='word_1_679' title='bbox 726 3323 1040 3364; x_wconf 86' lang='lat' dir='ltr'><strong>sichverhalten</strong></span> <span class='ocrx_word' id='word_1_680' title='bbox 1083 3323 1158 3364; x_wconf 87' lang='lat' dir='ltr'><strong>des</strong></span> <span class='ocrx_word' id='word_1_681' title='bbox 1199 3323 1453 3364; x_wconf 85' lang='lat' dir='ltr'><strong>denkenden</strong></span> <span class='ocrx_word' id='word_1_682' title='bbox 1493 3323 1610 3363; x_wconf 88' lang='lat' dir='ltr'><strong>teiles</strong></span> <span class='ocrx_word' id='word_1_683' title='bbox 1653 3323 1728 3362; x_wconf 90' lang='lat' dir='ltr'><strong>der</strong></span> <span class='ocrx_word' id='word_1_684' title='bbox 1770 3323 1879 3363; x_wconf 85' lang='lat' dir='ltr'><strong>seele</strong></span> <span class='ocrx_word' id='word_1_685' title='bbox 1919 3323 1973 3363; x_wconf 89' lang='lat' dir='ltr'><strong>ist</strong></span> <span class='ocrx_word' id='word_1_686' title='bbox 2011 3323 2134 3363; x_wconf 89' lang='lat' dir='ltr'><strong>keine</strong></span> <span class='ocrx_word' id='word_1_687' title='bbox 2166 3323 2414 3375; x_wconf 86' lang='lat' dir='ltr'><strong>qualitative</strong></span> <span class='ocrx_word' id='word_1_688' title='bbox 2446 3323 2683 3376; x_wconf 69' lang='lat' dir='ltr'><strong>anderung.</strong></span> 
     </span>
    </p>
   </div>
   <div class='ocr_carea' id='block_1_3' title="bbox 536 3381 2593 3492">
    <p class='ocr_par' dir='ltr' id='par_1_16' title="bbox 536 3381 2593 3492">
     <span class='ocr_line' id='line_1_52' title="bbox 695 3381 1449 3423; baseline -0.001 0"><span class='ocrx_word' id='word_1_689' title='bbox 695 3381 867 3423; x_wconf 89' lang='lat' dir='ltr'><strong>beweis:</strong></span> <span class='ocrx_word' id='word_1_690' title='bbox 900 3382 977 3423; x_wconf 88' lang='lat' dir='ltr'><strong>das</strong></span> <span class='ocrx_word' id='word_1_691' title='bbox 1012 3383 1167 3423; x_wconf 89' lang='lat' dir='ltr'><strong>wissen</strong></span> <span class='ocrx_word' id='word_1_692' title='bbox 1199 3382 1254 3423; x_wconf 92' lang='lat' dir='ltr'><strong>ist</strong></span> <span class='ocrx_word' id='word_1_693' title='bbox 1286 3382 1449 3422; x_wconf 84' lang='lat' dir='ltr'><strong>relatiV.</strong></span> 
     </span>
     <span class='ocr_line' id='line_1_53' title="bbox 536 3440 2593 3492; baseline 0.001 -13"><span class='ocrx_word' id='word_1_694' title='bbox 536 3440 586 3479; x_wconf 91' lang='grc' dir='ltr'><strong>ΙΙ.</strong></span> <span class='ocrx_word' id='word_1_695' title='bbox 620 3452 704 3480; x_wconf 90' lang='lat' dir='ltr'><strong>von</strong></span> <span class='ocrx_word' id='word_1_696' title='bbox 738 3442 833 3480; x_wconf 91' lang='lat' dir='ltr'><strong>dem</strong></span> <span class='ocrx_word' id='word_1_697' title='bbox 866 3442 1184 3481; x_wconf 89' lang='lat' dir='ltr'><strong>sichverhalten</strong></span> <span class='ocrx_word' id='word_1_698' title='bbox 1216 3441 1293 3480; x_wconf 91' lang='lat' dir='ltr'><strong>des</strong></span> <span class='ocrx_word' id='word_1_699' title='bbox 1325 3441 1577 3480; x_wconf 87' lang='lat' dir='ltr'><strong>denkenden</strong></span> <span class='ocrx_word' id='word_1_700' title='bbox 1610 3442 1725 3480; x_wconf 89' lang='lat' dir='ltr'><strong>teiles</strong></span> <span class='ocrx_word' id='word_1_701' title='bbox 1757 3442 1833 3479; x_wconf 93' lang='lat' dir='ltr'><strong>der</strong></span> <span class='ocrx_word' id='word_1_702' title='bbox 1866 3441 1974 3479; x_wconf 88' lang='lat' dir='ltr'><strong>seele</strong></span> <span class='ocrx_word' id='word_1_703' title='bbox 2005 3441 2122 3492; x_wconf 90' lang='lat' dir='ltr'><strong>giebt</strong></span> <span class='ocrx_word' id='word_1_704' title='bbox 2153 3453 2199 3480; x_wconf 92' lang='lat' dir='ltr'><strong>es</strong></span> <span class='ocrx_word' id='word_1_705' title='bbox 2232 3441 2328 3480; x_wconf 90' lang='lat' dir='ltr'><strong>kein</strong></span> <span class='ocrx_word' id='word_1_706' title='bbox 2360 3442 2593 3481; x_wconf 90' lang='lat' dir='ltr'><strong>entstehen.</strong></span> 
     </span>
    </p>
   </div>
   <div class='ocr_carea' id='block_1_4' title="bbox 265 3496 2682 3659">
    <p class='ocr_par' dir='ltr' id='par_1_17' title="bbox 265 3496 2682 3659">
     <span class='ocr_line' id='line_1_54' title="bbox 695 3496 2682 3552; baseline 0.001 -12"><span class='ocrx_word' id='word_1_707' title='bbox 695 3500 871 3540; x_wconf 88' lang='lat' dir='ltr'><strong>beweis:</strong></span> <span class='ocrx_word' id='word_1_708' title='bbox 904 3501 1139 3552; x_wconf 86' lang='lat' dir='ltr'><strong>dasjenige,</strong></span> <span class='ocrx_word' id='word_1_709' title='bbox 1173 3512 1262 3540; x_wconf 90' lang='lat' dir='ltr'><strong>was</strong></span> <span class='ocrx_word' id='word_1_710' title='bbox 1294 3500 1369 3539; x_wconf 92' lang='lat' dir='ltr'><strong>der</strong></span> <span class='ocrx_word' id='word_1_711' title='bbox 1401 3501 1677 3552; x_wconf 70' lang='lat' dir='ltr'><strong>potentialitat</strong></span> <span class='ocrx_word' id='word_1_712' title='bbox 1711 3501 1819 3540; x_wconf 84' lang='lat' dir='ltr'><strong>nach</strong></span> <span class='ocrx_word' id='word_1_713' title='bbox 1853 3500 1921 3540; x_wconf 91' lang='lat' dir='ltr'><strong>ein</strong></span> <span class='ocrx_word' id='word_1_714' title='bbox 1953 3500 2192 3540; x_wconf 85' lang='lat' dir='ltr'><strong>wissendes</strong></span> <span class='ocrx_word' id='word_1_715' title='bbox 2225 3501 2290 3549; x_wconf 89' lang='lat' dir='ltr'><strong>ist,</strong></span> <span class='ocrx_word' id='word_1_716' title='bbox 2323 3500 2429 3540; x_wconf 92' lang='lat' dir='ltr'><strong>wird</strong></span> <span class='ocrx_word' id='word_1_717' title='bbox 2460 3501 2576 3541; x_wconf 90' lang='lat' dir='ltr'><strong>nicht</strong></span> <span class='ocrx_word' id='word_1_718' title='bbox 2608 3496 2682 3541; x_wconf 91' lang='lat' dir='ltr'><strong>da-</strong></span> 
     </span>
     <span class='ocr_line' id='line_1_55' title="bbox 265 3559 2681 3611; baseline 0.001 -13"><span class='ocrx_word' id='word_1_719' title='bbox 265 3559 402 3599; x_wconf 91' lang='lat' dir='ltr'><strong>durch</strong></span> <span class='ocrx_word' id='word_1_720' title='bbox 436 3573 489 3599; x_wconf 90' lang='lat' dir='ltr'><strong>zu</strong></span> <span class='ocrx_word' id='word_1_721' title='bbox 522 3559 658 3599; x_wconf 90' lang='lat' dir='ltr'><strong>einem</strong></span> <span class='ocrx_word' id='word_1_722' title='bbox 692 3559 946 3607; x_wconf 88' lang='lat' dir='ltr'><strong>wissenden‚</strong></span> <span class='ocrx_word' id='word_1_723' title='bbox 978 3559 1081 3599; x_wconf 85' lang='lat' dir='ltr'><strong>dass</strong></span> <span class='ocrx_word' id='word_1_724' title='bbox 1112 3572 1158 3599; x_wconf 92' lang='lat' dir='ltr'><strong>es</strong></span> <span class='ocrx_word' id='word_1_725' title='bbox 1191 3559 1322 3600; x_wconf 88' lang='lat' dir='ltr'><strong>selbst</strong></span> <span class='ocrx_word' id='word_1_726' title='bbox 1355 3560 1521 3611; x_wconf 89' lang='lat' dir='ltr'><strong>bewegt</strong></span> <span class='ocrx_word' id='word_1_727' title='bbox 1554 3559 1673 3607; x_wconf 89' lang='lat' dir='ltr'><strong>wird,</strong></span> <span class='ocrx_word' id='word_1_728' title='bbox 1705 3559 1893 3600; x_wconf 85' lang='lat' dir='ltr'><strong>sondern</strong></span> <span class='ocrx_word' id='word_1_729' title='bbox 1925 3559 2130 3609; x_wconf 88' lang='lat' dir='ltr'><strong>dadurch,</strong></span> <span class='ocrx_word' id='word_1_730' title='bbox 2163 3559 2264 3600; x_wconf 88' lang='lat' dir='ltr'><strong>dass</strong></span> <span class='ocrx_word' id='word_1_731' title='bbox 2289 3560 2357 3600; x_wconf 92' lang='lat' dir='ltr'><strong>ein</strong></span> <span class='ocrx_word' id='word_1_732' title='bbox 2378 3560 2559 3601; x_wconf 82' lang='lat' dir='ltr'><strong>anderes</strong></span> <span class='ocrx_word' id='word_1_733' title='bbox 2583 3572 2681 3601; x_wconf 93' lang='lat' dir='ltr'><strong>vor-</strong></span> 
     </span>
     <span class='ocr_line' id='line_1_56' title="bbox 266 3618 546 3659; baseline -0.004 0"><span class='ocrx_word' id='word_1_734' title='bbox 266 3618 434 3659; x_wconf 88' lang='lat' dir='ltr'><strong>handen</strong></span> <span class='ocrx_word' id='word_1_735' title='bbox 470 3619 546 3658; x_wconf 88' lang='lat' dir='ltr'><strong>ist.‘</strong></span> 
     </span>
    </p>
   </div>
  </div>
 </body>
</html>
