3005 4009
471 947 630 986 iustum
661 957 756 985 esse
787 945 912 985 etiam
949 956 1002 984 ex
1035 942 1350 984 definitionibus
1387 939 1534 991 ὥσεως
1563 947 1603 982 et
1633 939 1781 990 ἕλξεως
1816 951 2025 994 apparere
2063 951 2103 979 v.
2126 951 2166 979 v.
2191 939 2330 978 7—11
2373 939 2683 990 cognoscimus.

471 1004 624 1045 deinde
643 1004 888 1044 invenimus
909 1003 953 1042 in
977 1016 1005 1042 α
1027 1002 1132 1043 haec
1153 1001 1304 1042 verba:
1326 1000 1437 1058 τάχα
1457 999 1504 1041 δὲ
1524 999 1678 1047 δόξειεν
1701 998 1750 1040 ἂν
1777 997 1878 1039 εἶναι’
1905 1012 1961 1047 τις
1983 997 2088 1046 ἕλξις
2114 997 2180 1037 καὶ
2209 995 2341 1045 ἄλλως
2356 1010 2367 1020 ·
2397 997 2446 1035 τὸ
2469 996 2548 1052 γὰρ
2570 996 2684 1041 ξύλον

278 1061 386 1104 ἕλκει
417 1063 461 1103 τὸ
492 1063 571 1118 πῦρ
600 1061 684 1119 οὐχ
715 1061 859 1111 οὕτως.
920 1061 971 1101 τὸ
1002 1060 1039 1100 δ’
1061 1060 1183 1101 οὐδὲν
1213 1058 1398 1115 διαφέρει
1428 1058 1652 1113 κινουμένου
1683 1060 1754 1098 τοῦ
1783 1057 1964 1105 ἕλκοντος
2002 1055 2027 1129 ᾗ
2064 1055 2253 1110 μένοντος
2290 1055 2422 1096 ἕλκειν.
2496 1055 2568 1096 ὁτὲ
2603 1054 2683 1109 μὲν

280 1121 361 1178 γὰρ
392 1121 498 1162 ἕλκει
528 1119 578 1161 οὗ
608 1119 723 1167 ἔστιν,
755 1120 826 1160 ὁτὲ
856 1119 903 1160 δὲ
936 1118 984 1159 οὔ
1013 1118 1077 1175 ἦν.
1121 1118 1314 1158 ἀδύνατον
1343 1118 1389 1158 δὲ
1420 1114 1446 1174 ἢ
1478 1117 1548 1172 ἀφ’
1580 1117 1705 1157 αὑτοῦ
1737 1117 1842 1171 πρὸς
1869 1114 1964 1156 ἄλλο
1997 1131 2022 1171 η
2053 1115 2121 1155 ἀπ’
2153 1112 2273 1155 ἄλλου
2305 1114 2407 1168 πρὸς
2436 1113 2534 1154 αὐτὸ
2566 1116 2686 1155 κινεῖν

279 1181 339 1236 μὴ
371 1180 608 1234 ἁπτόμενον,
641 1180 750 1220 ὥστε
780 1180 957 1234 φανερὸν
987 1178 1046 1219 ὅτι
1078 1179 1147 1219 τοῦ
1179 1177 1282 1218 κατὰ
1314 1176 1432 1218 τόπον
1462 1175 1687 1231 κινουμένου
1720 1176 1785 1217 καὶ
1809 1176 2010 1224 κινοῦντος
2030 1172 2149 1216 οὐδέν
2168 1172 2254 1215 ἐστι
2269 1172 2436 1229 μεταξύ.
2480 1187 2503 1215 e
2526 1174 2685 1229 quibus

279 1240 497 1280 sententiis
529 1239 644 1279 baud
676 1252 762 1279 una
793 1239 1009 1278 invenitur
1039 1239 1083 1278 in
1108 1235 1152 1289 β,
1183 1243 1323 1276 tamen
1354 1237 1638 1289 gravissimas
1668 1247 1764 1276 esse
1794 1247 1867 1275 eas
1899 1235 2051 1274 acriter
2073 1234 2256 1286 Spengel
2285 1234 2439 1282 docuit,
2465 1246 2606 1286 neque
2637 1235 2686 1280 iS,

281 1299 354 1352 qui
378 1296 412 1351 β
442 1298 571 1348 editit‚
602 1298 639 1338 si
663 1295 696 1351 β
726 1297 1011 1351 paraphrasin
1044 1296 1113 1336 vel
1143 1296 1463 1349 explicationem
1497 1307 1592 1335 esse
1622 1296 1785 1334 formae
1816 1308 1843 1333 α
1875 1294 2093 1342 voluisset,
2129 1305 2204 1332 eas
2235 1293 2598 1345 praetermisisset.
2645 1297 2686 1331 et

281 1358 489 1397 eiusmodi
520 1358 600 1396 loci
630 1358 755 1396 etiam
786 1358 855 1395 alii
888 1357 1127 1408 complures
1158 1362 1339 1394 exstant.
1391 1356 1667 1394 confirmatur
1697 1360 1839 1393 autem
1872 1354 2081 1392 sententia
2112 1365 2206 1392 mea
2237 1353 2306 1391 vel
2328 1353 2467 1402 magis
2488 1353 2549 1391 eis
2570 1352 2686 1397 locis,

280 1417 438 1468 quibus
462 1414 495 1467 β
535 1416 681 1467 plures
723 1416 875 1454 habeat
918 1426 1047 1453 voces
1091 1426 1218 1466 quam
1252 1429 1279 1453 a
1310 1419 1350 1453 et
1391 1427 1478 1461 eas,
1511 1426 1621 1465 quae
1654 1424 1738 1452 non
1776 1412 1986 1464 pertinent
2028 1411 2084 1451 ad
2126 1423 2216 1451 rem
2253 1410 2570 1451 illuminandam
2610 1409 2686 1449 sed

280 1474 595 1514 obscurandam
626 1475 690 1522 (ut
720 1473 961 1526 exemplum
993 1472 1167 1512 afferam
1200 1485 1238 1524 p.
1261 1470 1457 1524 246b23)
1489 1477 1529 1512 et
1559 1484 1646 1519 eas,
1679 1471 1838 1524 quibus
1869 1471 2165 1523 quaestionum
2196 1470 2302 1509 ordo
2323 1469 2365 1508 in
2386 1467 2420 1520 β
2440 1470 2498 1508 ita
2519 1475 2685 1521 pertur-

282 1534 405 1572 batus
437 1538 512 1580 est,
547 1538 591 1572 ut
621 1533 830 1573 neminem
868 1534 947 1571 τῶν
978 1528 1344 1585 παραφραζόντων,
1377 1532 1450 1583 qui
1481 1543 1629 1570 omnes
1660 1535 1780 1570 erant
1801 1530 1911 1570 docti
1940 1530 2144 1577 homines,
2169 1529 2403 1580 habeamus
2424 1534 2685 1580 suspectum,

281 1593 353 1644 qui
386 1592 457 1631 tali
489 1603 573 1631 non
606 1592 742 1631 solum
774 1591 955 1640 indocta,
976 1590 1052 1630 sed
1084 1601 1290 1643 perquam
1321 1603 1459 1643 prava
1490 1589 1833 1643 interpretatione
1863 1589 2075 1628 notionem
2107 1588 2167 1627 rei
2198 1588 2415 1626 involutae
2443 1586 2687 1626 bominibus

280 840 557 1058 Quod
578 900 618 939 p.
640 887 790 925 24425
819 886 1139 938 pronuntiatum
1161 889 1225 923 est
1246 882 1306 923 ὅτι
1334 884 1403 923 τοῦ
1425 882 1528 923 κατὰ
1549 881 1668 922 τόπον
1689 879 1925 935 κινουμένου
1948 879 2016 920 καὶ
2037 880 2241 927 κινοῦντος
2269 877 2390 919 οὐδέν
2421 877 2501 919 ἐστι
2516 877 2682 931 μεταξύ,

222 1694 228 1699 ,
283 1651 449 1702 aperire
481 1651 672 1690 voluerit.
733 1651 927 1702 inprimis
958 1650 1051 1690 dico
1082 1650 1402 1701 explicationem
1435 1650 1488 1688 de
1520 1654 1709 1688 motuum
1741 1649 1974 1700 generibus
2004 1648 2169 1686 factam.

494 1709 676 1747 Tertiam
720 1720 891 1761 quoque
936 1709 1058 1747 liceat
1104 1708 1156 1747 de
1201 1709 1362 1747 formae
1394 1706 1428 1759 β
1470 1708 1635 1757 origine
1676 1707 1926 1746 sententiam
1968 1706 2154 1748 afferam.
2231 1705 2385 1744 dixerit
2431 1706 2541 1744 enim
2589 1705 2688 1756 quis

282 1767 420 1807 Shutii
441 1767 681 1820 opinionem
702 1767 792 1807 sore
813 1773 982 1815 rectam,
1005 1767 1040 1806 si
1062 1767 1117 1816 id,
1144 1766 1259 1820 quod
1280 1766 1347 1806 ille
1369 1766 1477 1806 inter
1502 1765 1733 1805 Alexandri
1760 1771 1800 1805 et
1822 1764 2023 1817 Simplicii
2052 1770 2242 1816 tempora
2269 1764 2368 1803 dicit
2395 1775 2489 1803 esse
2516 1763 2687 1809 factum,

283 1829 366 1866 iam
398 1833 496 1867 ante
529 1826 821 1867 Alexandrum
852 1839 947 1867 esse
979 1832 1197 1879 peractum
1229 1826 1303 1866 tibi
1334 1826 1614 1879 persuadeas:
1645 1837 1740 1866 esse
1771 1825 1950 1865 formam
1971 1822 2004 1876 β
2032 1824 2273 1877 exemplum
2307 1823 2510 1877 principis
2542 1834 2685 1862 recen-

283 1886 414 1925 sionis
446 1886 600 1938 partim
632 1886 928 1938 interpolatum
961 1886 1114 1938 partim
1146 1886 1383 1925 mutilatum
1414 1886 1568 1938 partim
1600 1886 1784 1937 pessime
1815 1885 2085 1936 descriptum.

495 1944 616 1982 Hanc
648 1950 693 1982 ut
724 1946 974 1983 sententiam
1006 1950 1224 1995 sequatur,
1254 1945 1374 1983 facile
1405 1945 1626 1995 permultis
1657 1944 1760 1983 locis
1792 1943 1889 1995 quis
1920 1943 2162 1994 permoveri
2195 1944 2349 1994 possit;
2379 1948 2519 1981 tamen
2540 1948 2688 1981 contra

281 2014 375 2041 eam
407 2002 594 2042 conabor
625 2003 807 2054 probare
837 2001 871 2054 β
899 2002 1069 2042 minime
1100 2002 1237 2042 redire
1268 2002 1322 2042 ad
1363 2003 1537 2055 aliquod
1575 2003 1736 2042 formae
1775 2016 1802 2041 α
1845 2001 2100 2054 exemplum,
2143 2001 2219 2041 sed
2261 2001 2316 2040 ad
2359 2001 2487 2040 alium
2533 2001 2685 2040 librum

283 2060 508 2113 quendam,
552 2073 677 2113 quem
722 2060 915 2101 dicamus
957 2074 1001 2113 y,
1047 2061 1102 2101 ad
1145 2061 1300 2101 librum
1343 2061 1461 2101 illum
1506 2061 1691 2114 quidem,
1735 2062 1857 2101 cuius
1900 2060 2036 2100 forma
2076 2061 2120 2099 in
2163 2072 2213 2100 eo
2255 2060 2450 2112 exemplo
2485 2058 2528 2111 β,
2573 2059 2686 2112 quod

283 2119 640 2159 commentaribus
672 2125 712 2159 et
743 2120 866 2159 nobis
908 2120 1109 2159 traditum
1150 2126 1225 2168 est,
1266 2120 1443 2159 evanuit
1483 2120 1582 2168 fere,
1624 2121 1698 2172 qui
1738 2125 1880 2159 tamen
1922 2125 2012 2158 erat
2050 2120 2280 2171 quondam,
2321 2119 2443 2158 cuius
2485 2120 2686 2170 reliquias

283 2178 507 2217 ostendere
537 2189 604 2217 me
635 2189 762 2229 posse
793 2184 906 2229 puto.
955 2178 1024 2217 hic
1054 2179 1160 2218 liber
1189 2192 1232 2231 y,
1265 2184 1311 2218 ut
1341 2179 1576 2230 apparebit,
1608 2178 1898 2230 compluribus
1930 2178 2032 2217 locis
2065 2190 2160 2217 cum
2193 2178 2389 2229 exemplo
2419 2192 2446 2216 α
2479 2178 2687 2228 congruit,

284 2237 425 2276 multis
468 2237 593 2288 plane
637 2243 727 2276 erat
769 2237 988 2285 diversus;
1031 2243 1072 2277 et
1114 2238 1193 2277 erit
1236 2237 1359 2277 nobis
1397 2237 1702 2290 quaerendum,
1740 2236 1954 2289 quomodo
1992 2237 2096 2276 haec
2126 2236 2360 2276 formarum
2391 2249 2422 2289 y
2453 2241 2494 2276 et
2524 2250 2551 2275 α
2584 2236 2688 2275 ratio

285 2295 539 2347 explicanda
571 2308 665 2336 esse
699 2295 904 2336 videatur.
967 2296 1040 2337 sed
1074 2302 1120 2337 ut
1151 2297 1334 2349 primum
1367 2296 1675 2349 intellegamus,
1712 2308 1798 2350 quo
1830 2295 1955 2336 modo
1994 2296 2099 2337 haec
2128 2297 2328 2350 princeps
2365 2295 2502 2335 forma
2538 2295 2632 2335 libri
2656 2292 2690 2346 β

285 2354 394 2394 banc
414 2354 610 2407 speciem,
638 2366 766 2408 quam
797 2366 911 2396 nunc
939 2355 1109 2408 quidem
1140 2355 1266 2396 habet
1293 2361 1332 2396 et
1356 2356 1538 2396 habebat
1559 2357 1642 2396 iam
1665 2356 1899 2396 Alexandri
1921 2356 2195 2408 temporibus,
2217 2357 2436 2408 acceperit,
2460 2356 2539 2393 hoc
2560 2366 2688 2407 pono:

282 2414 336 2452 ab
369 2424 455 2452 uno
488 2414 555 2451 vel
587 2425 613 2451 a
644 2414 851 2465 pluribus,
889 2417 962 2466 qui
1000 2415 1108 2453 libro
1145 2429 1172 2453 α
1216 2420 1434 2453 uterentur
1472 2416 1514 2453 in
1553 2416 1710 2454 scholis
1750 2417 1979 2466 proposito,
2019 2415 2205 2453 adiectas
2248 2427 2344 2453 esse
2381 2416 2611 2453 sententias
2648 2421 2688 2452 et

284 2473 465 2510 omissas
506 2478 546 2510 et
586 2480 1025 2525 commutatasatque
1062 2473 1209 2513 ordine
1240 2474 1448 2513 inversas.
1511 2471 1633 2525 (puto
1672 2474 1753 2514 hac
1789 2486 1900 2525 quae
1937 2484 2051 2512 nunc
2088 2478 2229 2513 exstat
2266 2473 2497 2513 formarum
2530 2484 2686 2525 aequa-

284 2530 452 2579 bilitate,
485 2542 613 2582 quam
645 2542 731 2570 non
763 2532 911 2583 paucis
943 2532 1045 2571 locis
1077 2532 1305 2584 perfectam
1337 2544 1432 2571 esse
1462 2531 1582 2571 facile
1615 2532 1776 2579 videas,
1810 2532 1964 2571 multos
2002 2532 2044 2570 in
2082 2542 2268 2571 errorem
2307 2543 2402 2571 esse
2433 2531 2688 2583 perductos).

282 2590 340 2628 ita
371 2600 425 2627 ex
458 2594 577 2640 parte
609 2595 723 2629 recta
754 2595 817 2628 est
849 2590 970 2629 tertia
1000 2592 1221 2639 sententia,
1252 2603 1363 2642 quae
1395 2592 1620 2631 conveniat
1650 2591 1706 2630 ad
1737 2602 1810 2630 eos
1841 2592 1968 2638 locos,
2000 2592 2073 2642 qui
2112 2592 2267 2643 expleti
2307 2591 2375 2629 vel
2413 2590 2557 2641 repleti
2588 2597 2689 2628 sunt

284 2647 341 2699 (et
373 2648 452 2686 hoc
485 2658 570 2686 non
603 2660 700 2687 raro
732 2648 962 2688 admodum
993 2651 1146 2701 prave)
1179 2656 1354 2702 propter
1387 2650 1540 2689 librum
1573 2664 1612 2697 a,
1643 2650 1813 2689 minime
1844 2655 1908 2689 est
1939 2655 2065 2698 recta,
2097 2650 2134 2690 si
2156 2650 2253 2703 quis
2277 2650 2376 2690 hinc
2397 2650 2524 2689 totius
2545 2649 2641 2688 libri
2659 2646 2693 2700 β

283 2706 490 2757 originem
532 2707 630 2746 velit
667 2707 879 2758 expedire.
940 2709 977 2747 si
1014 2709 1156 2760 opinio
1194 2709 1264 2748 illa
1306 2721 1435 2761 quam
1476 2709 1565 2748 dixi
1604 2710 1768 2749 tertiam
1811 2721 1915 2748 vera
1958 2715 2081 2758 esset,
2123 2721 2297 2749 necesse
2337 2715 2449 2749 esset
2492 2708 2689 2748 omnibus

284 2765 398 2811 locis,
431 2766 503 2825 qui
535 2776 590 2805 ex
621 2778 741 2818 capp.
770 2767 879 2806 1—-3
911 2767 1053 2807 afferri
1085 2773 1277 2820 possunt,
1309 2774 1350 2807 et
1380 2768 1722 2821 aequabilitatem
1753 2773 1793 2808 et
1824 2768 2113 2808 diversitatem
2145 2769 2379 2808 formarum
2404 2769 2460 2807 ita
2488 2767 2689 2819 explicari

284 2834 422 2875 posse,
455 2831 500 2862 ut
532 2824 786 2864 diceremus:
818 2832 1034 2865 auctorem
1066 2827 1160 2866 libri
1185 2825 1219 2878 β
1250 2829 1467 2879 proposito
1507 2840 1632 2866 usum
1663 2840 1758 2866 esse
1789 2829 1983 2879 exemplo
2014 2842 2052 2866 α.
2115 2828 2195 2866 hoc
2227 2828 2318 2866 fieri
2350 2839 2476 2878 posse
2507 2838 2619 2877 nego
2651 2834 2692 2865 et

284 2894 436 2922 censeo
468 2883 570 2922 illud
603 2884 752 2923 leviter
783 2884 1025 2924 iudicatum.
1080 2886 1279 2925 nimirum
1311 2886 1510 2925 omnibus
1541 2887 1657 2935 locis,
1689 2886 1846 2939 quibus
1878 2887 2182 2927 sententiarum
2215 2887 2398 2938 legimus
2432 2886 2691 2931 varietatem,

285 2942 419 2991 possit
457 2942 629 2993 quidem
666 2943 805 2982 dicere
842 2944 951 2994 quis,
989 2944 1082 2983 sive
1119 2958 1146 2983 α
1183 2944 1507 2995 praeferendum
1548 2950 1613 2984 est
1653 2946 1746 2984 sive
1771 2944 1813 2996 β,
1857 2945 2074 2985 subfuisse
2116 2946 2313 2998 primitus
2358 2945 2536 2985 formam
2581 2959 2609 2984 a
2652 2951 2691 2983 et

284 3005 584 3041 commutatam
620 3013 716 3041 esse
755 3001 822 3042 vel
854 3002 898 3043 in
938 3003 1060 3056 peius
1106 3002 1173 3043 vel
1211 3002 1255 3043 in
1288 3002 1438 3043 melius
1474 3003 1530 3043 ab
1562 3003 1880 3056 interpolatore;
1912 3004 2126 3057 quomodo
2164 3004 2362 3058 perfacile
2400 3009 2465 3043 est
2501 3004 2691 3055 effugere

286 3057 565 3099 difficultates.
626 3061 798 3109 accedit,
831 3066 888 3110 ut,
919 3062 955 3100 si
987 3063 1277 3115 acciperemus
1308 3062 1486 3103 formam
1512 3061 1546 3114 β
1575 3075 1670 3103 esse
1702 3064 1805 3102 nihil
1837 3064 1952 3102 aliud
1983 3065 2066 3102 nisi
2088 3065 2184 3103 libri
2206 3078 2233 3102 α
2254 3063 2427 3117 aliquod
2449 3063 2688 3115 exemplum

284 3116 594 3168 interpolatum,
626 3129 711 3179 non
742 3119 1084 3172 interpolatorem
1123 3125 1169 3160 ut
1205 3121 1341 3160 solent
1377 3132 1472 3161 esse
1512 3121 1777 3170 mediocrem,
1816 3123 1891 3161 sed
1932 3128 2007 3161 aut
2045 3124 2432 3174 petulantissimum
2469 3133 2520 3161 ac
2558 3133 2691 3173 paene

284 3175 493 3216 lascivum
525 3181 599 3216 aut
637 3177 836 3218 insanum
875 3191 1048 3219 necesse
1085 3184 1197 3219 esset
1233 3180 1534 3232 acciperemus.
1604 3181 1685 3221 hoc
1720 3192 1775 3221 ex
1811 3181 2006 3222 obscuris
2043 3180 2124 3221 illis
2163 3182 2325 3222 formae
2349 3178 2381 3232 β
2419 3181 2522 3221 locis
2560 3186 2599 3220 et
2636 3191 2689 3218 ex

289 3236 584 3288 quaestionum
618 3236 778 3286 ordine,
809 3238 883 3290 qui
914 3238 1126 3279 interdum
1159 3239 1415 3291 pravissime
1446 3245 1510 3279 est
1540 3239 1583 3279 in
1607 3238 1641 3292 β
1671 3247 1967 3290 commutatus,
1999 3241 2336 3281 concludendum
2368 3247 2490 3281 esset„

252 3350 256 3354 .
498 3295 666 3343 ,Forma
690 3294 723 3349 β
758 3297 970 3338 interdum
1008 3304 1072 3338 est
1109 3299 1391 3352 interpolata‘;
1429 3305 1541 3340 recte
1572 3300 1753 3352 quidem.
1822 3300 2046 3349 ,interdum
2083 3301 2324 3354 explicandi
2361 3300 2448 3340 fere
2485 3300 2690 3339 rationem

284 3354 507 3419 sequitur‘;
539 3360 579 3394 et
610 3356 692 3395 hoc
724 3362 844 3396 recte.
916 3357 991 3397 sed
1028 3358 1065 3397 si
1097 3358 1302 3398 concedes
1339 3359 1651 3411 quinquaginta
1694 3359 1762 3399 vel
1804 3367 1971 3400 centum
2004 3361 2131 3410 locos,
2168 3361 2327 3414 quibus
2364 3361 2461 3413 quis
2499 3358 2693 3400 ostendat

285 3413 579 3467 interpolatam
617 3427 713 3455 esse
736 3412 770 3468 β
806 3428 860 3456 ex
891 3431 918 3456 α
956 3416 1059 3457 nibil
1095 3417 1241 3458 valere
1277 3417 1333 3458 ad
1369 3418 1643 3472 aperiendam
1680 3418 1776 3460 libri
1808 3419 2056 3473 orginem‚
2088 3419 2216 3461 immo
2246 3420 2301 3461 ad
2334 3418 2693 3473 cognoscendum,

285 3474 498 3524 quomodo
529 3476 806 3515 tractaverint
838 3476 1030 3516 homines
1060 3477 1228 3525 librum,
1259 3483 1302 3517 at
1333 3490 1495 3529 paucos
1531 3479 1659 3527 locos,
1697 3479 1854 3531 quibus
1886 3480 2069 3519 dilucide
2104 3486 2283 3532 apparet
2319 3480 2479 3519 formae
2508 3477 2541 3529 β
2581 3478 2694 3518 dicta

285 3531 402 3571 nullo
434 3531 559 3572 modo
591 3544 719 3585 posse
750 3534 807 3574 ita
838 3534 1025 3586 intelligi,
1058 3540 1104 3575 ut
1134 3540 1333 3587 putemus
1364 3548 1414 3577 ea
1435 3547 1530 3577 esse
1551 3542 1625 3577 aut
1646 3549 1702 3578 ex
1723 3552 1750 3577 α
1771 3543 1863 3579 orta
1884 3543 1958 3579 aut
1979 3538 2151 3580 aliunde
2172 3539 2433 3591 interpolata,
2462 3537 2691 3591 plurimum

284 3590 439 3638 valere,
471 3598 580 3641 peto,
612 3598 659 3632 ut
689 3593 853 3644 reliqua
884 3605 1055 3645 quoque
1086 3607 1178 3635 mea
1210 3594 1373 3644 audias,
1405 3601 1445 3635 et
1476 3608 1747 3648 quaeramuS,
1780 3610 1866 3649 qua
1897 3598 2059 3638 ratione
2089 3598 2193 3638 illud
2224 3598 2464 3651 exemplum
2496 3611 2538 3649 y,
2576 3596 2692 3649 quod
