3005 4009
1345 254 1616 295 ,21-

281 418 345 449 θεῖ
365 411 419 449 de
439 411 533 449 aliis
555 410 796 462 philosophi
824 410 957 457 libris,
983 415 1024 448 et
1051 409 1342 462 quaerendum
1368 413 1445 456 θεῖ,
1465 408 1617 460 ecquid
1640 409 1914 448 confirmetur
1934 420 2049 448 nunc
2069 409 2260 460 priorum
2281 408 2447 448 illorum
2470 408 2688 448 sententia.

496 469 618 508 Hanc
637 469 693 507 ad
714 470 1004 520 quaestionem
1026 468 1276 508 solvendam
1300 480 1475 507 necesse
1495 473 1559 507 est
1579 467 1752 518 longius
1773 467 2166 519 circumspiciamus
2186 473 2227 508 et
2244 466 2467 508 videamus
2490 465 2687 513 breviter,

282 527 385 579 quid
419 527 500 567 viri
531 526 643 567 docti
664 527 717 567 de
740 532 825 567 toto
847 527 1092 568 Aristotelis⁴
1106 526 1312 567 librorum
1333 538 1522 578 corpore,
1543 525 1758 578 quomodo
1778 531 1919 566 ortum
1946 525 2194 578 editumque
2218 531 2343 575 esset,
2362 525 2688 579 exquisiverint.

494 585 648 627 Omnia
678 585 765 627 fere
796 598 907 640 quae
938 585 1062 627 nobis
1092 590 1265 626 servata
1295 591 1396 625 sunt
1428 585 1666 626 Aristotelis
1697 595 1828 638 opera
1857 585 1950 625 eius
1987 590 2087 624 sunt
2118 585 2290 637 generis
2321 583 2436 638 quod
2467 584 2688 624 dicebatur

280 647 564 699 πραγματεῖαι.
626 651 666 685 et
699 646 778 686 hoc
809 658 942 685 unum
975 652 1089 685 certo
1122 651 1304 685 constat:
1336 645 1441 685 haec
1470 656 1602 697 opera
1632 645 1776 684 omnia
1807 645 2017 696 pertinere
2047 644 2103 683 ad
2134 645 2306 693 litteras,
2333 656 2444 697 quae
2463 644 2507 684 in
2529 644 2687 685 scholis

281 716 307 742 a
338 704 593 756 philosopho
626 704 781 744 habitis
813 705 984 745 tractari
1015 700 1238 743 solebant¹.
1290 703 1365 743 sed
1396 703 1610 755 quomodo
1646 703 1908 754 accipiamus
1945 704 2026 743 hoc
2062 704 2308 754 ‚pertinere‘,
2344 703 2587 743 etiamnunc
2622 709 2686 743 est

280 762 586 804 controversia.
647 769 769 804 erant
799 764 873 816 qui
905 768 1103 816 putarent
1135 761 1436 815 philosophum
1468 762 1608 815 ipsum
1640 772 1789 802 omnes
1820 761 1951 802 libros
1983 760 2039 802 ad
2067 761 2249 802 verbum
2271 761 2358 802 fere
2380 761 2686 814 conscripsisse

279 826 320 861 et
350 821 545 863 edidisse.
607 833 735 874 quam
767 823 1016 862 sententiam
1059 821 1429 861 vehementissime
1464 820 1650 860 defendit
1681 820 1811 859 Stahr
1851 821 1895 859 in
1944 820 2236 863 ..Aristotelia“
2279 821 2319 860 11
2350 831 2440 871 cap.
2462 818 2525 860 IV
2558 833 2595 872 p.
2618 821 2684 859 35.

281 886 422 920 tamen
460 881 624 920 etiamsi
661 881 892 920 omittimus
929 894 991 929 ea,
1029 893 1140 933 quae
1175 881 1232 919 ab
1268 881 1455 932 antiquis
1492 880 1545 919 de
1577 879 1814 919 Aristotelis
1851 892 2028 931 operum
2066 880 2232 931 origine
2267 885 2309 919 et
2345 878 2525 919 editione
2561 879 2685 919 nobis

281 938 436 979 tradita
475 944 587 989 sunt,
629 939 665 979 si
707 940 939 980 omittimus
980 939 1095 993 quod
1136 939 1304 986 illorum
1344 940 1551 979 sententia
1589 938 1706 978 nulla
1744 950 1790 978 re
1827 938 2002 990 probari
2035 938 2182 991 possit,
2219 938 2262 977 in
2300 938 2405 990 ipsis
2445 937 2685 991 philosophi

281 998 400 1037 libris
431 998 511 1038 loci
542 998 701 1047 insunt,
730 999 889 1050 quibus
919 999 1088 1038 illorum
1119 998 1360 1050 opinionem
1391 999 1514 1050 sequi
1548 1003 1750 1037 vetemur.
1811 998 1903 1036 iure
1934 998 2033 1037 dicit
2064 997 2199 1037 Zeller
2230 997 2310 1045 11,2
2343 1009 2382 1048 p.
2410 997 2511 1035 132:
2553 996 2686 1039 ..Jene

282 1056 687 1109 vielbesprochenen
718 1056 1108 1110 nachlassigkeiten
1140 1056 1217 1097 des
1246 1055 1351 1105 stils,
1378 1056 1477 1109 jene
1509 1055 1898 1108 wiederholungen,
1930 1055 2088 1097 welche
2119 1066 2204 1096 uns
2234 1056 2278 1096 in
2308 1055 2453 1096 diesen
2486 1055 2609 1096 meist
2638 1066 2686 1096 so

284 1115 485 1169 knappen
517 1116 837 1168 daretellungen
870 1116 986 1156 nicht
1016 1117 1149 1156 seiten
1181 1116 1482 1165 iiberraschen,
1509 1116 1609 1168 jene
1639 1115 1931 1163 einschiebsel,
1963 1115 2030 1154 die
2060 1115 2184 1154 einen
2215 1120 2336 1153 sonst
2368 1114 2687 1166 wohlgeffigten

281 1175 514 1213 sortschritt
544 1175 620 1213 der
658 1176 757 1213 rede
798 1176 1122 1223 unterbrechen,
1161 1175 1378 1225 begreisen
1418 1176 1511 1213 sich
1550 1188 1620 1213 am
1661 1175 1920 1220 leichtesten,
1959 1187 2082 1213 wenn
2123 1187 2224 1212 man
2263 1174 2481 1220 annimmt,
2521 1186 2577 1212 an
2619 1173 2686 1212 die

281 1233 496 1281 schriften,
528 1234 662 1272 worin
694 1233 755 1272 sie
787 1233 878 1272 sich
910 1233 1067 1281 finden,
1104 1232 1214 1272 habe
1251 1233 1319 1271 ihr
1356 1233 1571 1272 versasser
1608 1232 1739 1271 selbst
1772 1231 1839 1270 die
1875 1231 1998 1271 letzte
2034 1231 2148 1271 hand
2188 1231 2302 1271 nicht
2345 1231 2466 1271 mehr
2502 1230 2686 1282 gelegt“‚

282 1292 349 1331 his
381 1304 490 1343 quas
521 1292 789 1332 enumeravit
818 1291 955 1332 Zeller
985 1290 1305 1332 difficultatibus
1335 1291 1419 1331 iam
1450 1290 1614 1343 pridem
1646 1290 1766 1331 multi
1799 1290 1881 1330 viri
1912 1290 2023 1331 docti
2055 1291 2234 1343 permoti
2266 1295 2377 1339 sunt,
2409 1295 2455 1330 ut
2487 1295 2687 1343 putarent

281 1362 428 1391 omnes
460 1348 733 1405 πραγματείας
761 1362 811 1391 eo
833 1350 958 1391 modo
980 1356 1096 1391 ortas
1117 1361 1224 1399 esse,
1247 1356 1292 1391 ut
1313 1350 1484 1398 tirones,
1505 1351 1580 1403 qui
1602 1349 1760 1391 scholis
1782 1349 2025 1402 philosophi
2046 1350 2287 1398 intererant,
2313 1350 2424 1389 notis
2444 1349 2687 1402 exciperent

282 1409 393 1446 dicta
424 1410 724 1462 praeceptoris,
755 1410 1040 1461 gravissimas
1071 1414 1215 1462 partes
1248 1409 1315 1446 vel
1347 1409 1531 1447 dictante
1562 1409 1828 1460 philosoph0‚
1851 1430 1905 1435 —
1927 1420 2216 1459 egressosque
2246 1420 2302 1446 ex
2331 1408 2544 1446 auditione
2575 1420 2686 1458 quae

280 1469 607 1506 annotavissent
641 1474 941 1507 commentatos
971 1481 1078 1507 esse.
1140 1469 1251 1506 hanc
1283 1469 1566 1507 coniecturam
1604 1481 1630 1506 a
1668 1469 1804 1518 primo
1842 1466 2060 1517 Scaligero
2098 1467 2382 1518 explanatam,
2420 1480 2549 1518 quam
2589 1479 2684 1506 cum

280 1525 352 1566 alii
382 1526 673 1578 sequebantur
704 1532 791 1566 tum
816 1525 1005 1574 Oncken,
1036 1526 1208 1567 omnino
1239 1526 1383 1578 accepi
1414 1537 1499 1567 non
1531 1537 1657 1578 posse
1689 1525 1738 1575 ei,
1770 1537 1952 1578 quorum
1987 1524 2100 1566 valet
2133 1524 2200 1566 his
2230 1524 2274 1566 in
2311 1524 2441 1565 rebus
2471 1524 2685 1573 iudicium,

282 1584 386 1625 satis
423 1591 733 1637 cognoverunt.
801 1585 974 1626 Rhetor.
995 1584 1018 1625 1.
1041 1585 1106 1625 l.I
1137 1590 1177 1625 et
1208 1585 1259 1635 11,
1298 1591 1345 1641 ut
1386 1596 1518 1625 unum
1550 1590 1714 1625 tantum
1756 1596 1811 1625 ex
1850 1584 1992 1624 multis
2030 1584 2206 1625 afferam
2244 1584 2499 1636 exemplum,
2539 1582 2685 1624 eadem

280 1643 417 1683 forma
448 1657 534 1696 qua
564 1644 689 1685 nobis
721 1651 821 1684 sunt
852 1645 1013 1684 servati
1044 1644 1099 1685 ab
1136 1645 1230 1696 ipso
1270 1644 1493 1684 Aristotele
1530 1644 1758 1696 conscripti
1799 1642 1929 1683 sunt2.
2002 1643 2241 1683 Aristotelis
2281 1655 2387 1695 ergo
2425 1643 2687 1697 πραγματεῖαι

283 1701 455 1742 omnino
487 1714 626 1755 neque
657 1702 754 1742 libri
784 1709 886 1742 sunt
917 1702 972 1742 ab
1003 1703 1097 1755 ipsc
1128 1702 1382 1755 philosopho
1413 1702 1512 1743 editi
1546 1703 1614 1742 vel
1651 1703 1701 1750 ei,
1738 1702 1895 1755 quibus
1937 1707 2171 1741 extremam
2214 1713 2387 1741 manum
2428 1701 2687 1754 imposuerit,

282 1773 421 1813 neque
452 1766 552 1801 sunt
583 1760 739 1801 dictata
770 1760 1024 1813 professoris
1055 1761 1283 1802 academici
1321 1762 1482 1801 calamo
1518 1767 1707 1813 excepta.
1774 1760 1849 1800 sed
1892 1760 2092 1801 videntur
2131 1761 2360 1813 pleraeque
2399 1760 2687 1800 commentarii

282 1831 388 1867 esse,
420 1819 579 1871 quibus
611 1820 860 1860 Aristoteles
890 1819 946 1859 ad
978 1832 1104 1860 suum
1136 1820 1178 1860 in
1211 1820 1357 1860 schola
1396 1832 1521 1859 usum
1560 1820 1712 1872 partim
1753 1819 1903 1859 leviter
1941 1819 2190 1871 complexus
2227 1826 2292 1859 est
2331 1831 2442 1871 quae
2478 1818 2687 1859 tironibus

281 1889 483 1917 enarrare
518 1877 653 1927 vellet,
683 1878 836 1931 partim
868 1884 1065 1918 accurate
1096 1883 1136 1917 et
1166 1878 1301 1930 plene,
1332 1884 1459 1930 prout
1491 1890 1560 1918 res
1592 1877 1808 1930 postulare
1841 1876 2059 1917 videretur
2079 1883 2154 1916 aut
2174 1878 2279 1916 satis
2306 1878 2376 1916 otii
2399 1884 2551 1917 nactus
2577 1884 2688 1917 esset

282 1943 357 1975 aut
387 1937 517 1975 animi
549 1937 708 1987 impetu
740 1945 1074 1988 permoveretur,
1106 1937 1258 1989 partim
1290 1937 1415 1976 etiam
1448 1938 1629 1988 copiose,
1661 1936 1869 1976 interdum
1903 1936 1996 1975 fuse
2028 1936 2313 1988 conscripsit.3
2353 1935 2484 1975 multa
2516 1948 2686 1988 quoque

284 1995 511 2034 memoriae
543 2007 673 2034 causa
705 1995 785 2034 hos
816 1996 859 2035 in
898 1994 1060 2035 libellos
1096 1996 1265 2044 rettulit,
1307 1995 1465 2049 quibus
1502 2001 1726 2036 contextus
1767 1995 1975 2035 sermonis
2017 1995 2407 2048 interrumperetur,
2444 1994 2548 2047 quin
2584 1994 2686 2034 locis

282 2053 539 2105 quibusdam
577 2052 735 2092 eisdem
777 2054 813 2093 si
856 2054 1006 2093 iterum
1047 2061 1087 2094 et
1125 2055 1292 2094 tertium
1333 2060 1374 2094 et
1410 2053 1591 2094 sortasse
1631 2060 1830 2106 quartum
1870 2054 1912 2093 in
1946 2055 2198 2094 mentionem
2239 2054 2479 2105 argumenti
2513 2052 2685 2093 incidit⁴.

494 2111 544 2152 In
574 2111 846 2152 diiudicanda
877 2112 1138 2165 quaestione,
1171 2112 1383 2166 quomodo
1412 2112 1649 2153 Aristotelis
1677 2113 1945 2167 πραγματεῖαι
1972 2111 2108 2151 editae
2134 2112 2231 2161 sint,
2266 2112 2345 2151 hoc
2378 2112 2512 2151 valet:
2549 2112 2685 2151 dicere

282 2171 511 2223 potuimus,
527 2171 563 2209 si
577 2171 824 2211 Aristoteles
842 2171 932 2224 ipse
946 2171 1147 2211 edidisset
1158 2172 1291 2211 libros
1305 2183 1356 2211 ea
1370 2171 1507 2211 forma
1521 2184 1606 2224 qua
1620 2171 1760 2210 traditi
1774 2178 1875 2210 sunt
1889 2172 1997 2210 male
2010 2182 2083 2209 eos
2097 2171 2310 2220 edidisset,
2322 2172 2466 2224 itaque
2480 2183 2685 2222 neg-amus

282 2242 378 2267 eum
401 2229 597 2278 edidisse,
619 2243 734 2269 nunc
755 2230 894 2269 dicere
917 2243 1171 2282 possumus:
1194 2243 1288 2270 cuin
1311 2231 1439 2281 longe
1460 2230 1654 2282 plurimis
1675 2231 1779 2270 locis
1800 2236 1999 2270 servatus
2020 2230 2075 2269 sit
2096 2230 2261 2281 integ-er
2282 2229 2419 2281 ipsius
2446 2229 2686 2281 philosophi

282 2301 434 2337 sermo,
465 2288 572 2328 bene
602 2300 706 2340 ergo
739 2289 823 2329 sint
853 2289 951 2329 editi
982 2289 1090 2337 libri,
1121 2289 1316 2330 dubitare
1347 2302 1433 2330 non
1464 2301 1710 2341 possumus,
1746 2289 1849 2342 quin
1883 2289 1996 2330 foras
2028 2288 2113 2330 dati
2146 2288 2231 2330 sint
2259 2302 2286 2329 a
2319 2288 2436 2338 viris,
2472 2288 2546 2342 qui
2579 2287 2687 2341 peri-

285 2346 436 2387 tissimi
467 2352 588 2387 erant
620 2348 693 2396 rei,
724 2347 748 2387 i.
770 2359 803 2388 e.
826 2360 852 2388 a
882 2347 1161 2388 familiaribus
1193 2348 1436 2401 philosophi
1467 2347 1687 2401 discipulis
1709 2354 1802 2402 post
1827 2355 2002 2388 mortem
2025 2347 2146 2388 illius.
2198 2354 2239 2388 et
2267 2347 2496 2388 nonnullos
2518 2347 2686 2401 quidem

282 2416 430 2445 eorum
467 2406 592 2445 etiam
629 2418 745 2446 nunc
782 2408 992 2447 novimus.
1064 2407 1140 2447 sed
1179 2407 1223 2447 in
1264 2407 1440 2447 edendis
1476 2407 1596 2447 libris
1639 2407 1759 2447 multi
1798 2408 2038 2454 exstabant,
2083 2408 2156 2460 qui
2196 2408 2350 2460 integri
2392 2419 2562 2446 manere
2602 2419 2685 2446 non

284 2471 467 2517 possent.
530 2465 713 2505 editores
745 2466 929 2519 quidem,
961 2472 1007 2506 ut
1038 2479 1153 2507 nunc
1183 2479 1354 2519 quoque
1386 2478 1463 2506 nos
1498 2467 1706 2515 videmus,
1745 2467 1862 2507 haud
1892 2478 2043 2519 paucis
2073 2467 2177 2506 locis
2208 2466 2454 2513 omiserunt,
2485 2478 2595 2519 quae
2625 2466 2686 2505 eis

282 2536 604 2575 supervacanea
647 2525 910 2574 videruntur,
950 2531 990 2564 et
1032 2525 1299 2574 addiderunt,
1342 2537 1453 2578 quae
1496 2525 1729 2565 desiderari
1771 2531 1981 2577 putarent.
2060 2531 2188 2578 atque
2232 2525 2578 2565 verisimillimum
2623 2530 2687 2564 est

496 2650 507 2672 ¹
533 2651 581 2685 cf.
599 2651 736 2694 Zeller,
764 2652 929 2687 Hermes
954 2652 1080 2693 X1,e5.

496 2697 510 2719 ²
534 2698 589 2733 ita
613 2699 772 2744 quidem
800 2699 995 2742 videlicet,
1020 2702 1064 2735 ut
1089 2700 1131 2734 in
1157 2699 1219 2735 his
1244 2710 1402 2745 quoque
1428 2699 1541 2735 libris
1567 2699 1719 2734 adiecta
1743 2702 1781 2734 et
1806 2703 2012 2734 retractata
2028 2700 2109 2735 sint
2126 2700 2222 2735 locis
2240 2699 2478 2745 quibusdam
2497 2698 2688 2734 nonnulla

282 2745 386 2779 dicta
411 2756 433 2779 a
457 2746 724 2790 peripateticis
751 2746 812 2781 vel
844 2746 944 2788 aliis,
977 2748 1047 2791 qui
1080 2757 1159 2782 non
1192 2748 1377 2791 leg-ebant
1410 2747 1481 2782 sed
1511 2747 1739 2781 lectitabant
1770 2746 1990 2782 studiosius
2020 2747 2247 2792 philosophi
2283 2747 2406 2782 libros
2440 2751 2478 2781 et
2507 2746 2686 2790 margine

283 2791 561 2827 adscribebant
585 2792 813 2835 sententias,
839 2804 941 2839 quas
966 2798 1035 2829 aut
1059 2803 1103 2829 se
1128 2803 1222 2829 vera
1254 2794 1456 2829 addendas
1488 2803 1576 2829 esse
1609 2797 1795 2838 putarent
1827 2798 1895 2828 aut
1929 2794 2005 2839 ipsi
2039 2793 2139 2829 nihil
2174 2794 2284 2829 aliud
2318 2804 2405 2829 esse
2432 2794 2575 2828 vellent
2607 2793 2685 2827 nisi

283 2840 1390 2933 ³⁰²⁶‘⁹”²ff³¹¹31¹²²3023352¹,⁰2.5¹ss...fflbssaitlff‘t‘tssl?
1425 2842 1538 2925 ¹³22}
1570 2842 2457 2925 “Qlssss‘ssss'ssffiffiff‘ffssssdoifffw‘Quum.
2445 2840 2686 2930 02⁰3&ssss

282 2946 381 2977 quos
408 2935 457 2969 de
484 2936 707 2971 Aristotelis
732 2938 919 2979 operibus
945 2937 1116 2980 scripsit,
1141 2941 1179 2972 et
1204 2938 1246 2972 in
1272 2914 1406 2972 schola
1423 2900 1509 2972 {lm
1534 2937 1687 2980 pridem
1715 2936 1901 2985 defendit.
1953 2899 2189 2981 accepgrunt
2214 2937 2340 2979 multi,
2367 2936 2436 2972 sed
2462 2936 2527 2976 ita,
2553 2938 2595 2970 ut
2619 2935 2685 2971 alii

283 2990 366 3016 eam
396 2981 435 3017 in
462 2981 559 3018 alios
586 2982 708 3019 libros
734 2982 977 3024 adhiberent,
1003 2983 1190 3029 perpauci
1216 2986 1496 3020 concesserunt
1521 2983 1682 3019 omnino
1711 2983 1919 3019 convenire
1953 2993 2049 3019 eam.
2101 2984 2228 3020 Zeller
2260 2984 2376 3019 etiam
2410 2984 2459 3018 de
2492 2983 2603 3026 libro,
2638 2983 2686 3017 de

282 3029 609 3117 qtuqlt'gininliglsi
635 3031 726 3075 quis
751 3040 832 3064 non
856 3031 971 3065 facile
997 3035 1041 3065 ut
1065 3031 1198 3065 credat
1221 3031 1443 3065 adducatur
1458 3031 1640 3065 dubitare
1658 3041 1775 3074 posse
1793 3032 1993 3075 opinabar,
2014 3032 2187 3075 profecto
2206 3032 2370 3073 dubitat,
2398 3041 2450 3064 sc.
2469 3031 2516 3064 de
2535 3031 2684 3073 topicis.

282 3086 302 3109 c
323 3104 330 3111 .
597 3089 616 3113 e
647 3103 655 3110 .

448 3087 473 3121 p
496 3123 509 3144 ⁴
534 3124 584 3161 cf.
603 3088 746 3168 ghi-ist,
772 3124 925 3161 Griech.
940 3124 1045 3160 Ῑιίῖῖ.1
1073 3135 1110 3170 p.
1127 3124 1198 3161 403
1223 3136 1326 3161 anm.
1345 3126 1379 3168 6,
1405 3126 1476 3171 qui
1501 3125 1696 3171 quomodo
1723 3126 1823 3161 hanc
1848 3136 1930 3160 rem
1966 3126 2115 3171 optime
2150 3126 2423 3171 explanaverit
2456 3125 2540 3170 ipse
2573 3124 2686 3158 dicit:

284 3171 369 3210 „ich
395 3171 495 3205 habe
522 3172 562 3205 in
589 3172 746 3206 meinen
779 3173 982 3215 ausgaben
1016 3172 1323 3207 aristotelischer
1355 3173 1544 3207 schriften
1579 3175 1644 3208 die
1678 3173 1999 3217 nachtr‘aglichen
2034 3175 2189 3207 zusatze
2223 3174 2296 3207 mit
2328 3171 2685 3217 typographischen

283 3217 436 3252 mitteln
462 3228 538 3253 von
566 3219 655 3254 dem
681 3219 831 3263 urspgl.
858 3219 1033 3254 entwurf
1055 3229 1105 3254 zu
1130 3218 1315 3266 scheiden
1342 3219 1562 3256 versucht“.

495 3265 627 3300 afferri
659 3266 798 3310 solent,
831 3266 865 3300 si
900 3266 962 3300 his
996 3267 1045 3301 de
1076 3266 1377 3312 quaestionibus
1411 3267 1554 3311 agitur,
1588 3268 1693 3302 dicta
1725 3267 1920 3312 quaedam
1951 3267 2069 3311 Soph.
2095 3268 2245 3303 elench.
2278 3267 2441 3313 (quibus
2475 3267 2689 3310 alloquitur

282 3311 542 3355 philosophus
560 3313 786 3358 auditores),
808 3314 1013 3358 Metaphys
1052 3319 1089 3348 et
1114 3314 1309 3359 Analytic.
1341 3316 1536 3350 sententia
1557 3316 1651 3357 μετὰ
1675 3318 1787 3349 ταῦτα
1813 3317 1866 3349 &a
1892 3319 1929 3349 et
1955 3325 2033 3349 vox
2058 3315 2146 3360 ipsa
2171 3315 2338 3360 ἀκρόασις
2361 3325 2461 3359 quae
2487 3313 2622 3350 eadem
2648 3313 2688 3348 vi

283 3365 500 3403 usurpatur
524 3370 569 3394 ac
594 3361 830 3404 πραγματεία.
882 3361 1108 3396 addendum
1135 3364 1194 3396 est
1219 3362 1327 3406 quod
1353 3361 1549 3397 Dielesius
1567 3361 1700 3405 (Arch.
1718 3361 1744 3396 f.
1760 3362 1806 3397 G.
1825 3362 1862 3397 d.
1881 3361 1950 3398 Ph,
1970 3361 2062 3406 159,
2080 3362 2261 3408 probavit
2277 3362 2393 3397 nobis
2409 3364 2584 3396 servatos
2601 3371 2689 3396 esse

283 3406 324 3439 in
350 3406 588 3450 quibusdam
616 3408 774 3450 scriptis
801 3408 918 3442 etiam
956 3408 1110 3451 ..wenig
1137 3409 1426 3443 iiberarbeitete
1459 3413 1562 3444 reste
1596 3419 1670 3443 aus
1702 3409 1834 3444 seiner
1867 3409 1935 3451 (sc.
1971 3409 2211 3450 Aristotelis)
2246 3409 2511 3452 lehrtitigkeit
2544 3408 2585 3441 in
2618 3408 2691 3442 der

282 3451 522 3494 :hodomiam
547 3456 592 3487 ut
615 3452 774 3489 Gerckii
801 3454 932 3490 verbis
949 3458 1046 3490 utar.
1091 3454 1235 3490 deinde
1250 3455 1470 3490 sententiae
1488 3455 1595 3491 haud
1613 3465 1759 3500 paucae
1776 3456 2051 3498 inveniuntur,
2067 3466 2168 3503 quas
2187 3455 2428 3498 Aristoteles,
2447 3456 2481 3490 si
2500 3454 2691 3491 voluisset

282 3500 404 3535 libros
430 3500 509 3544 legi
533 3511 557 3534 a
582 3502 739 3545 populo,
764 3506 868 3537 certe
894 3512 973 3537 non
999 3502 1233 3547 scripsisset.
1285 3513 1319 3536 v.
1338 3514 1371 3537 a.
1390 3513 1422 3537 e.
1437 3515 1494 3547 μφ
1522 3502 1553 3536 Γ
1573 3503 1739 3538 1oo5b4:
1778 3505 1836 3538 δεῖ
1863 3505 1933 3550 γὰρ
1966 3504 2046 3550 περὶ
2078 3503 2213 3538 marm
2242 3504 2337 3549 ἥκειν
2369 3504 2691 3549 προεπισταμένους

282 3548 371 3581 ἀλλὰ
393 3548 444 3593 μὴ
469 3548 661 3587 ἀκοὰιντας
685 3551 808 3594 ζητεῖν.
860 3548 1022 3584 Oncken
1050 3549 1135 3584 leth.
1162 3549 1213 3589 1‚1
1250 3550 1479 3591 loevam
1512 3550 1606 3584 ibid.
1633 3560 1717 3595 cap.
1743 3551 1776 3585 2.
1805 3550 1973 3586 1095124:
2006 3552 2174 3587 fortasse
2208 3551 2309 3585 hanc
2342 3551 2384 3586 in
2418 3561 2501 3585 rem
2537 3554 2688 3585 vertere

282 3604 495 3640 po-umus
522 3594 715 3631 1009037:
742 3600 817 3636 πῶς
837 3597 903 3630 οὐκ
926 3596 1026 3637 ἄξων
1039 3597 1230 3642 ἀθυμῆσαι
1254 3609 1338 3636 τους
1361 3597 1565 3642 φιλοσοφεῖν
1589 3598 1847 3644 ἐγχειροῦντας.
