3005 4009
1325 255 1607 295 -15-

478 411 633 449 F'or'ma
663 408 705 462 β,
742 415 788 448 ut
821 410 1019 459 vidimus,
1050 415 1114 448 est
1145 415 1380 457 retractata,
1402 416 1442 448 et
1464 409 1789 449 retractantibus
1821 408 1982 448 subfuit
2014 408 2119 448 liber
2149 422 2187 448 a.
2239 419 2354 448 nunc
2380 408 2671 448 demonstrare

265 469 452 509 conabor
472 468 583 509 libri
613 467 646 520 β
676 469 856 521 primam
894 469 1085 517 formam,
1123 474 1253 521 quam
1290 469 1477 508 diximus
1519 481 1564 521 y,
1607 468 1786 508 eundern
1831 468 1985 507 sontem
2019 465 2083 520 (x)
2122 467 2325 508 habuisse
2361 479 2413 507 ac
2448 466 2603 507 librum
2634 482 2671 506 α.

267 528 347 566 hoc
378 527 561 580 probare
593 528 789 579 incipiam
822 540 872 567 eo
903 527 1040 576 modo,
1072 533 1118 567 ut
1149 529 1331 579 primum
1364 527 1534 580 quidem
1572 527 1856 567 demonstrem
1895 525 1978 580 (2):
2015 532 2245 579 utrumque
2280 526 2537 578 exemplum,
2575 532 2615 566 et
2646 541 2672 566 a

265 593 306 627 et
328 584 373 638 β,
407 586 665 639 quibusdam
696 587 798 627 locis
830 586 988 627 eisdem
1020 587 1172 627 falsum
1207 587 1363 627 habere
1401 586 1705 628 sententiarum
1737 591 1999 635 contextum,
2030 584 2199 626 deinde:
2237 584 2362 625 etiam
2401 590 2569 639 praeter
2599 596 2673 625 eos

264 646 392 696 locos,
423 657 533 700 quos
565 646 646 686 sub
678 657 733 687 no
766 646 820 697 2.)
843 645 1046 696 tractabo,
1083 652 1278 687 neutrum
1317 646 1557 700 exemplum
1599 645 1798 686 omnibus
1835 645 2028 699 partibus
2068 657 2214 685 veram
2252 644 2355 684 dare
2392 645 2672 698 cogitatorum

264 707 460 758 speciem,
492 706 566 744 sed
598 707 849 757 plerumque
880 707 903 744 l.
925 720 952 744 α
984 718 1183 745 servasse
1215 708 1459 757 primariam
1491 706 1754 753 sententiam,
1785 712 1925 744 tamen
1946 717 2032 744 non
2054 718 2289 757 numquam
2310 706 2489 743 alterum
2517 705 2671 743 librum

266 765 473 816 praebere
504 764 627 812 dicta,
658 777 782 816 quae,
813 765 891 803 etsi
923 765 965 803 in
996 765 1111 804 fonte
1141 779 1171 816 y
1202 763 1334 804 fuisse
1365 770 1522 816 putem,
1554 775 1639 803 non
1670 764 1941 803 inveniamus
1974 764 2016 803 in
2047 775 2094 813 ας
2125 764 2311 803 tertium:
2339 775 2472 803 unum
2500 762 2670 815 quidem

265 823 401 864 locum
442 822 701 873 monstrabo,
732 834 830 877 quo,
868 828 914 864 ut
944 834 1228 877 assequamur
1257 822 1384 864 sontis
1415 823 1648 871 lectionem,
1682 834 1855 864 necesse
1887 823 1940 863 sit
1971 821 2283 863 confundamus
2314 821 2519 862 librorum
2551 821 2670 863 dicta.

479 883 533 932 2.)
566 889 795 936 utrumque
826 883 980 923 librum
1012 896 1051 936 p.
1074 883 1219 923 244⁸?
1252 881 1480 935 (2431223),
1511 895 1771 936 quamquam
1800 883 1910 922 alius
1937 883 2030 921 aliis
2053 882 2185 921 utitur
2208 881 2364 930 verbis,
2386 893 2539 934 parum
2561 888 2671 921 recte

266 941 394 980 fontis
425 941 536 980 dicta
567 942 822 980 intellexisse
854 948 967 993 puto.
1029 942 1178 980 244⁸?
1210 942 1392 992 legimus
1423 943 1466 980 in
1498 955 1541 980 a:

477 996 577 1048 ὦσις
603 997 684 1054 μὲν
716 998 797 1055 γάρ
828 998 988 1040 ἐστινν
973 998 1091 1056 ἀφ’
1124 998 1250 1040 αὑτοῦ
1281 996 1307 1056 5
1340 998 1407 1040 ἄπ’
1439 997 1559 1041 ἄλλου
1590 998 1694 1054 πρὸς
1728 996 1825 1055 ἄλλο
1857 997 2015 1056 κίνησις,
2048 996 2152 1047 ἕλξις
2183 996 2231 1039 δὲ
2263 997 2287 1054 5
2318 996 2384 1038 ἀπ’
2415 995 2538 1039 ἄλλου
2569 998 2671 1053 πρὸς

265 1057 361 1099 αὑτὸ
394 1056 419 1115 5
453 1059 555 1114 πρὸς
584 1056 681 1099 ἄλλο
711 1058 806 1099 ὅταν
837 1057 989 1100 θᾶττον
1021 1059 1045 1116 5
1079 1057 1225 1115 κίνησις
1255 1054 1285 1115 5
1316 1060 1383 1100 τοῦ
1414 1057 1600 1108 ἕλκοντος
1631 1060 1704 1115 τῆς
1733 1047 1994 1115 χωριζούσης
2025 1057 2100 1112 (Α)
2134 1058 2174 1114 [5
2204 1056 2445 1124 χωρίζουσα
2483 1056 2668 1111 (BCD)]

265 1116 331 1156 ἀπ’
364 1117 539 1173 ἀλλήλων
570 1117 619 1157 τὰ
650 1120 816 1189 oouel5.
877 1132 984 1158 ουτω
1017 1117 1096 1172 γὰρ
1127 1117 1408 1173 συνεφέλκεται
1439 1116 1629 1172 θάτερον.
2339 1118 2379 1155 in
2406 1115 2440 1168 β
2471 1114 2671 1155 243023:

477 1176 500 1231 5
531 1175 632 1224 ἕλξις
661 1173 745 1231 ἦτοι
775 1176 874 1216 ὅταν
904 1177 1009 1231 πρῖς
1038 1176 1161 1216 αὑτὸν
1191 1174 1217 1232 5
1250 1177 1355 1230 πρὸς
1384 1175 1528 1231 ἕτερον
1560 1175 1718 1215 θάττων
1739 1171 1770 1231 5
1789 1176 1812 1230 5
1835 1174 1978 1231 κίνησις
1997 1175 2021 1231 5
2043 1176 2115 1215 τοῦ
2135 1174 2315 1223 ἕλκοντος
2330 1174 2389 1230 μὴ
2411 1173 2672 1231 χωριῦιμένη

266 1236 335 1289 τῆς
366 1235 437 1274 τοῦ
467 1232 693 1288 ἑλκομένου.
755 1234 818 1275 καὶ
851 1234 932 1289 γὰρ
964 1234 1066 1290 πρὸς
1093 1234 1212 1276 αὐτόν
1243 1233 1350 1275 ἐστιν
1379 1235 1404 1290 5
1434 1233 1537 1283 ἕλξις
1564 1234 1628 1275 καὶ
1659 1235 1763 1289 πρὸς
1790 1232 1942 1300 ἕτερον
1974 1234 2054 1285 (καὶ
2088 1233 2168 1289 γάρ
2192 1257 2247 1262 —-
2268 1232 2406 1288 ἕτερον
2436 1234 2479 1272 in
2509 1232 2544 1285 β
2568 1246 2623 1273 ex
2643 1248 2671 1272 α

265 1294 562 1346 interpolatum
593 1306 688 1333 esse
719 1301 832 1346 puto.
894 1307 993 1333 nam
1025 1294 1211 1346 primum
1242 1294 1285 1334 in
1315 1292 1349 1346 β
1378 1295 1458 1335 hoc
1488 1295 1579 1334 loco
1612 1294 1746 1334 verba
1777 1294 1948 1334 minime
1977 1299 2076 1345 apte
2097 1298 2195 1333 sunt
2225 1294 2374 1345 posita,
2402 1304 2498 1333 cum
2522 1293 2671 1333 videas

265 1354 443 1393 eandem
476 1354 726 1394 sententiam
758 1354 937 1394 subesse
968 1354 1051 1393 iam
1085 1353 1264 1395 vocibus
1295 1352 1389 1394 ὅταν
1418 1352 1523 1408 πρὸς
1553 1351 1675 1394 αὐτὸν
1704 1349 1730 1408 5
1762 1352 1861 1407 πρὸς
1888 1350 2110 1407 ἕτερον..,
2142 1365 2253 1406 quae
2274 1351 2537 1393 antecedunt.
2584 1363 2670 1405 quo

266 1412 393 1453 modo
424 1417 563 1453 autem
596 1413 639 1453 in
669 1412 848 1453 formam
873 1411 906 1466 β
936 1413 1220 1466 pervenerint,
1250 1425 1304 1453 ex
1335 1424 1384 1454 eo
1415 1412 1639 1465 intelligas,
1676 1412 1791 1466 quod
1823 1413 1865 1451 in
1896 1426 1923 1451 α
1955 1412 2065 1451 duas
2095 1412 2279 1464 legimus
2316 1413 2385 1467 τῆς
2422 1409 2571 1459 ἕλξεως
2599 1412 2671 1450 de-

266 1472 492 1522 finitiones,
525 1474 674 1512 244·8
706 1478 747 1511 et
779 1471 940 1511 243125.
1002 1473 1114 1512 hano
1143 1473 1318 1512 alteram
1352 1473 1391 1528 [5
1422 1470 1471 1511 δὲ
1502 1471 1679 1520 σύνωσις
1708 1470 1808 1519 ἕλξις
1836 1470 1917 1525 (καὶ
1952 1471 2030 1526 γὰρ
2061 1472 2163 1526 πρὸς
2192 1470 2294 1509 αὐτὸ
2317 1470 2507 1525 καὶπρὸς
2525 1468 2621 1509 ἄλλο
2647 1471 2671 1525 5

264 1529 407 1584 ἕλξις)]
442 1538 544 1584 puto
576 1532 759 1584 aliquem
792 1532 835 1571 in
867 1547 895 1570 α
925 1532 1083 1583 legisse
1113 1538 1154 1571 et
1186 1544 1281 1571 cum
1312 1532 1422 1572 duas
1452 1533 1496 1572 in
1528 1546 1555 1571 α
1582 1532 1765 1583 scriptas
1786 1543 1882 1571 esse
1904 1530 2067 1571 videret
2088 1530 2355 1571 desiderasse
2375 1530 2547 1571 alteram
2571 1531 2613 1571 in
2628 1528 2670 1582 β,

265 1591 409 1643 itaque
442 1591 787 1643 transscripsisse
818 1591 958 1643 specie
990 1591 1210 1643 paululum
1241 1596 1402 1642 mutata
1433 1596 1473 1632 et
1503 1603 1597 1631 eam
1627 1590 1719 1631 loco
1750 1603 1903 1643 parum
1934 1591 2064 1643 apto).

476 1649 533 1689 ad
565 1650 670 1690 haec
700 1649 942 1702 Simplicius
979 1650 1150 1698 1054‚:5
1181 1649 1357 1719 ορισμὸς
1386 1648 1435 1689 δὲ
1469 1651 1540 1706 τῆς
1563 1647 1643 1703 μὲν
1672 1647 1820 1697 ὤσεως
1850 1648 1937 1689 ἐστι
1971 1649 2119 1705 κίνησις
2148 1646 2264 1705 51150'
2286 1648 2430 1688 ἑαυτοῦ
2451 1649 2557 1703 πρὸς
2575 1647 2671 1687 ἄλλο

263 1705 288 1763 5
320 1706 388 1746 ἀπ’
427 1706 547 1747 ἄλλου
585 1707 721 1779 πρὸς
723 1706 833 1754 ἄλλο,
871 1709 942 1763 τῆς
978 1707 1025 1748 δὲ
1061 1707 1209 1756 ἕλξεως
1242 1707 1391 1764 κίνησις
1429 1707 1496 1747 ἀπ’
1532 1705 1655 1747 ἄλλου
1692 1706 1718 1763 5
1758 1709 1859 1762 πρὸς
1896 1707 2016 1748 ἑαυτὸ
2053 1705 2078 1763 5
2117 1707 2222 1762 πρὸς
2260 1705 2370 1752 ἄλλο,
2407 1707 2503 1746 ὅταν
2534 1707 2670 1777 φησιν,

265 1766 425 1805 θάττων
456 1766 482 1834 5
515 1765 664 1837 κίνησις
693 1761 721 1822 5
751 1768 820 1821 τῆς
846 1766 1113 1838 χωριζούσης
1143 1766 1209 1806 ἄπ’
1241 1766 1417 1823 ἀλλήλων
1446 1765 1500 1806 τὰ
1530 1767 1692 1836 συνεχῆ.
2304 1766 2426 1814 1054,
2429 1766 2502 1805 27:
2534 1762 2671 1805 ἴστέον

264 1823 309 1865 δὲ
347 1824 407 1866 ὅτι
445 1825 512 1879 τὴν
548 1825 649 1872 λέξιν
684 1823 839 1881 ταύτην
876 1825 949 1880 τὴν
985 1823 1179 1878 λέγουσαν
1214 1824 1310 1866 ὅταν
1347 1824 1515 1866 θάττων
1551 1825 1575 1881 5
1615 1823 1764 1881 κίνησις
1800 1820 1830 1897 5
1872 1825 1947 1881 τῆς
1988 1823 2252 1881 χωριζούσης
2293 1823 2361 1865 ἀπ
2406 1824 2584 1882 ἀλλήλων
2623 1838 2671 1864 τα

263 1885 419 1954 συνεχῆ
450 1881 494 1926 ἔν
524 1898 618 1926 τισιν
649 1883 910 1940 ἀντιγράφοις
938 1884 960 1924 ὁ
987 1882 1251 1940 Ἀλέξανδρος
1275 1884 1336 1955 μῖἓ
1363 1882 1573 1955 φέρεσθαί
1601 1898 1754 1942 φησι..
1771 1884 1841 1926 .ἐν
1873 1882 2014 1940 μέντοι
2049 1884 2109 1939 τῷ
2144 1882 2279 1956 ἑτέρῳ
2315 1882 2493 1940 ἑβδόμῳ
2522 1882 2671 1939 βιβλίῳ

263 1943 288 1999 5
318 1941 421 1991 λέξις
449 1942 551 2000 αὕτη
585 1942 713 1991 οὕτως
741 1941 843 2000 ἔχει.
904 1944 928 1999 5
960 1943 996 1982 δ’
1028 1943 1132 1991 ἕλξις
1173 1944 1268 1982 ὅταν
1308 1958 1394 2000 ητοι
1436 1945 1540 1998 πρὸς
1578 1943 1724 1998 ἕτερον
1767 1943 1990 1982 θάττωνν
1974 1944 1985 1955 ‘
1966 1943 2173 1999 5xc'v5mc
2210 1940 2239 1998 5
2277 1945 2352 1982 τοῦ
2391 1943 2575 1990 ἕλκοντος
2608 1944 2668 1997 μὴ

257 2002 512 2057 χωριζομένη
544 2005 613 2056 τῆς
643 2004 712 2042 τοῦ
743 2000 968 2054 ἑλκομένου.

476 2060 559 2101 iam
591 2061 779 2114 antiquis
809 2073 913 2113 ergo
945 2060 1207 2114 temporibus
1244 2061 1323 2103 etsi
1354 2072 1526 2115 operam
1559 2060 1778 2111 dederunt,
1816 2066 1862 2102 ut
1902 2061 2002 2102 huic
2038 2061 2129 2103 loco
2159 2061 2421 2115 gravissimo
2459 2073 2571 2115 quae
2605 2061 2670 2101 vis

264 2119 460 2160 subesset
491 2120 784 2173 intelligerent,
817 2120 973 2160 nullam
1007 2121 1264 2162 invenerunt
1296 2122 1401 2161 satis
1433 2126 1602 2175 rectam.
1651 2122 1795 2174 itaque
1826 2122 2017 2161 nonnulli
2039 2142 2095 2150 -—
2117 2132 2257 2174 neque
2288 2122 2324 2160 ei
2356 2121 2590 2160 stultissimi
2615 2142 2669 2148 —

264 2185 393 2218 totam
427 2181 676 2219 sententiam
708 2178 805 2219 ὅταν
828 2201 885 2208 -—
906 2182 1056 2236 συνεχῆ
1087 2181 1474 2233 praetermiserunt
1525 2191 1654 2220 voces
1685 2180 1755 2219 τοῦ
1785 2178 1962 2227 ἕλκοντος
1989 2180 2149 2219 formae
2179 2195 2220 2224 α,
2253 2181 2413 2232 quippe
2444 2192 2555 2232 quas
2585 2192 2669 2219 non

265 2238 418 2277 habeat
449 2238 703 2290 Simplicius,
743 2239 844 2277 mihi
883 2239 1083 2278 videntur
1124 2239 1344 2278 habendae
1383 2250 1479 2278 esse
1520 2241 1628 2278 inter
1667 2252 1741 2278 eas
1781 2239 1993 2286 lectiones,
2035 2251 2144 2291 quas
2185 2237 2290 2286 τινὲς
2332 2236 2378 2278 ἐκ
2419 2240 2487 2278 τοῦ
2529 2237 2670 2292 ἑτέρου

263 2295 443 2349 ἑβδόμου
467 2295 629 2348 βιβλίου
656 2295 1007 2350 μετατεθείκασιν,
1040 2298 1155 2349 quod
1188 2298 1223 2338 si
1256 2310 1408 2338 verum
1439 2303 1516 2346 est,
1547 2298 1627 2338 hos
1660 2298 1867 2337 habemus
1898 2296 2098 2351 ὁρισμοὺς
2127 2298 2203 2352 τῆς
2232 2295 2399 2346 ἕλξεωςε

477 2355 512 2396 1:
543 2353 642 2404 ἕλξις
670 2354 694 2410 5
725 2354 791 2396 ἄπ’
823 2352 941 2396 ἄλλου
973 2355 1077 2411 πρὸς
1106 2355 1208 2397 αὑτὸ
1238 2352 1263 2410 5
1295 2369 1398 2411 προς
1415 2353 1512 2396 ἄλλο
1533 2354 1726 2412 (κίνησις),
1748 2354 1847 2396 ὅταν
1869 2353 2032 2395 θάττων
2051 2355 2076 2412 5
2097 2354 2249 2413 κίνησις
2268 2351 2296 2412 5
2318 2358 2389 2412 τῆς
2407 2355 2671 2433 χωριζούσης

262 2411 328 2453 ἀπ’
361 2412 537 2469 ἀλλήλων
568 2413 617 2454 τὰ
649 2415 808 2471 συνεχῆ.
871 2413 943 2467 (α.)

476 2474 532 2511 11:
564 2471 666 2519 ἕλξις
693 2473 717 2527 5
749 2473 817 2511 ἀπ’
848 2471 970 2511 ἄλλου
1001 2473 1107 2526 πρὸς
1133 2472 1233 2512 αὑτὸ
1262 2471 1288 2528 5
1318 2474 1421 2526 πρὸς
1447 2472 1544 2511 ἄλλο
1572 2472 1774 2528 (κίνησις),
1803 2473 1897 2511 οταν
1926 2473 2085 2511 θάττων
2115 2471 2140 2528 5
2170 2472 2318 2527 κίνησις
2341 2470 2368 2527 5
2389 2474 2413 2528 5
2430 2471 2559 2528 χωρί
2544 2472 2668 2511 ουσα

265 2529 332 2570 ἄπ’
365 2529 541 2587 ἀλλήλων
572 2529 620 2571 τὰ
652 2532 813 2588 συνεχῆ.
876 2529 948 2584 (α.)

476 2591 553 2631 111:
582 2589 609 2659 5
643 2588 780 2639 ὃὲλξις
806 2589 901 2630 ὅταν
933 2588 1021 2647 ἦτοι
1050 2591 1157 2646 πρὸς
1183 2589 1303 2631 αὑτὸν
1338 2587 1363 2647 5
1396 2589 1497 2645 πρὸς
1532 2588 1678 2646 ἕτερον
1716 2589 1882 2630 θάττων
1919 2586 1949 2647 5
1985 2590 2009 2646 5
2049 2588 2198 2648 κίνησις
2234 2587 2260 2647 5
2299 2591 2369 2631 τοῦ
2406 2588 2582 2638 ἕλκοντος
2610 2588 2668 2646 μὴ

257 2647 518 2705 χωριζομένη
550 2650 625 2704 τῆς
655 2650 725 2690 τοῦ
755 2647 980 2702 ἑλκομένου.
1044 2648 1124 2703 (β.)

475 2714 616 2748 tamen
648 2709 785 2761 prima
816 2708 1001 2748 definitio
1032 2721 1058 2748 a
1090 2709 1278 2749 secunda
1315 2719 1401 2748 non
1439 2709 1565 2748 valde
1603 2713 1667 2748 est
1703 2709 1888 2757 diversa,
1925 2711 2030 2762 quin
2068 2710 2194 2749 etiam
2231 2710 2406 2748 alteram
2444 2721 2499 2748 ex
2539 2708 2670 2747 altera

263 2773 397 2805 ortam
429 2779 524 2806 esse
555 2768 638 2807 levi
678 2769 908 2806 mutatione
951 2768 1071 2807 facile
1116 2768 1264 2807 videas
1307 2775 1348 2807 et
1391 2768 1598 2808 concedas
1642 2769 1711 2822 τῆς
1744 2767 2011 2823 χωριζούσης
2049 2780 2134 2807 ιιοιι
2174 2769 2298 2807 aliam
2341 2781 2436 2807 esse
2477 2781 2522 2807 re
2566 2780 2670 2807 vera

263 2826 478 2865 lectionem
511 2833 660 2878 atque:
693 2823 718 2881 5
753 2821 813 2880 (5)
844 2824 1102 2881 χωρίζουσα.
1166 2825 1308 2879 (etiam
1342 2826 1647 2867 Sbutianorum
1680 2826 1768 2867 cod.
1801 2828 1839 2867 A
1872 2827 1990 2875 trad„
2023 2833 2069 2867 ut
2093 2826 2292 2875 vidimus,
2317 2828 2386 2882 τῆς
2403 2823 2668 2883 χωριζούσης,

263 2891 402 2924 tamen
437 2885 484 2932 B,
496 2885 541 2933 C,
555 2886 591 2925 D
622 2884 647 2939 5
676 2883 948 2941 χωρίζουσα.)

475 2944 675 2986 Formam
706 2956 833 2998 quam
867 2944 1040 2998 praebet
1071 2944 1311 2998 exemplum
1344 2958 1371 2984 α
1403 2944 1483 2985 hoc
1515 2944 1640 2985 modo
1673 2950 1854 2985 vertam:
1901 2945 1980 2985 das
2021 2945 2169 2985 ziehen
2206 2945 2260 2985 ist
2295 2945 2388 2985 eine
2428 2945 2669 2997 bewegung

265 3013 350 3041 von
382 3004 518 3042 einem
550 3005 738 3043 anderen
770 3004 852 3043 fort
882 3005 1095 3043 entweder
1126 3017 1180 3042 zu
1212 3005 1302 3043 sich
1334 3005 1437 3043 oder
1468 3017 1522 3043 zu
1554 3006 1690 3043 einem
1722 3005 1909 3043 anderen
1939 3006 2024 3052 hin,
2053 3006 2186 3045 wobei
2219 3006 2286 3044 die
2318 3006 2571 3055 bewegung,
2602 3004 2668 3042 die

263 3061 341 3100 das
379 3061 462 3112 (bis
504 3061 651 3113 dahin)
690 3063 1057 3113 contiguierliohel
1095 3069 1246 3110 trennt,
1283 3062 1470 3102 ‘navemn‘
1509 3064 1597 3103 sein
1638 3076 1758 3103 muss
1796 3063 1871 3114 (sc.
1899 3064 1963 3103 als
2000 3063 2068 3103 die
2105 3064 2181 3104 des
2219 3064 2493 3115 gezogenen).
2565 3062 2667 3114 quid

263 3120 475 3171 significat
508 3121 587 3160 hoc
617 3122 708 3161 loco
739 3117 954 3162 *θάττωνᾪ
1017 3134 1101 3162 ιιοιι
1134 3123 1332 3162 convenit
1363 3122 1570 3171 ,celerior‘.
1631 3135 1770 3175 neque
1801 3122 1912 3162 enim
1950 3122 2008 3163 ita
2044 3122 2153 3164 inter
2183 3135 2230 3163 se
2261 3122 2459 3163 differunt
2495 3120 2580 3162 duo
2611 3121 2669 3161 illi

264 3185 415 3229 motus,
456 3185 501 3220 ut
542 3180 739 3228 ,celerior‘
782 3182 836 3221 sit
876 3181 1006 3220 altera
1048 3192 1176 3234 quam
1217 3180 1365 3229 altera3
1411 3182 1550 3233 potius
1594 3182 1673 3221 hoc
1712 3182 1797 3221 fere
1836 3187 2154 3234 exspectamus:
2197 3183 2306 3234 ,plus
2348 3182 2503 3220 habere
2544 3180 2669 3219 debet

262 3239 490 3289 gravitatis
511 3239 560 3277 τὸ
581 3237 691 3278 ἕλκον
719 3252 847 3291 quam
875 3241 924 3278 τὸ
948 3238 1195 3293 ἑλκόμενον,
1224 3246 1264 3278 et
1295 3240 1424 3292 Phys.
1447 3239 1712 3287 Δ,8,215“25
1749 3241 1937 3294 ,ορῶμεν
1969 3239 2049 3294 γὰρ
2082 3240 2126 3280 τὸ
2157 3240 2259 3280 αὐτὸ
2288 3239 2424 3292 βάρος
2451 3255 2513 3278 και
2543 3241 2667 3291 σῶμα

262 3295 438 3336 θᾶττον
459 3296 693 3352 φερόμενον
714 3297 782 3338 διὰ
805 3296 879 3338 δύο
900 3297 1044 3346 αἰτίας,
1066 3296 1091 3355 5
1114 3298 1172 3353 τῷ
1192 3296 1399 3353 διαφέρειν
1420 3298 1464 3337 τὺ
1490 3297 1540 3338 δι
1563 3296 1626 3344 οὗ,
1648 3297 1736 3338 οἷον
1758 3297 1808 3339 δι’
1831 3297 1978 3347 ὕδατος
1992 3296 2022 3370 5
2047 3302 2123 3353 γῆς
2142 3296 2167 3355 5
2189 3298 2236 3338 ἀ
2218 3297 2326 3354 έρος,
2350 3295 2375 3356 5
2397 3296 2601 3353 διαφέρειν
2623 3312 2668 3337 το

262 3355 507 3410 φερόμενον,
540 3355 611 3396 ἐὰν
642 3356 761 3397 τᾶλλα
794 3356 923 3397 ταυτὰ
956 3357 1134 3414 ὑπάρχῃ,
1167 3356 1233 3397 διὰ
1265 3357 1338 3413 τὴν
1368 3357 1618 3414 ὑπεροχὴν
1656 3359 1737 3398 τοῦ
1766 3357 1953 3413 βάρους
1987 3354 2013 3414 5
2051 3361 2125 3414 τῆς
2160 3358 2423 3415 κουφότητος·
2467 3358 2670 3398 docemur

478 3461 486 3481 ¹
512 3474 572 3494 συν
574 3462 661 3515 εχῄς
685 3461 757 3495 hoc
784 3462 865 3496 loco
891 3462 1100 3505 significat,
1125 3465 1170 3495 ut
1196 3462 1396 3495 Bonitzius
1422 3463 1507 3497 Ind.
1529 3463 1645 3497 Arist.
1665 3474 1701 3507 p.
1720 3463 1872 3497 728⁸15
1897 3465 2026 3504 vertit,
2061 3465 2392 3505 ,continuitatem.
2433 3488 2440 3495 .
2467 3473 2564 3502 eam,
2589 3472 2671 3505 qua

261 3508 358 3551 quid
392 3519 480 3542 cum
515 3508 709 3552 proximis
743 3513 781 3544 et
815 3508 1076 3553 contiguis
1108 3509 1229 3544 rebus
1262 3509 1466 3551 cohaeret‘,
1499 3514 1543 3544 ut
1577 3521 1613 3554 p.
1640 3509 1809 3545 2421226.
1842 3512 1883 3545 τὸ
1915 3511 2109 3554 κινούμενον
2142 3513 2286 3557 συνεχές
2319 3512 2392 3546 ἐστι
2424 3510 2474 3556 τῷ
2507 3512 2669 3551 κινοῦντις

261 3554 424 3590 minime
451 3564 542 3590 vero
567 3556 865 3591 continuitatem
890 3556 1011 3598 illam,
1038 3566 1128 3601 ,qua
1153 3557 1280 3601 ipsius
1305 3556 1361 3591 rei
1387 3559 1518 3601 partes
1544 3557 1585 3590 in
1611 3558 1805 3592 unitatem
1831 3559 2082 3596 coaluerunt&
2113 3562 2156 3593 ut
2182 3559 2324 3594 melius
2357 3559 2523 3593 fortasse
2549 3566 2667 3603 quam

261 3603 589 3646 ,continuierlieh
614 3606 672 3648 (ut
697 3604 832 3639 Prantl
859 3605 990 3649 vertit)
1016 3605 1194 3639 dicamus
1220 3604 1555 3647 ,contiguierlieh·.
