3005 4009
1325 301 1606 343 -20..-

256 455 524 496 Aristotelem
568 456 710 510 ipsum
752 456 965 505 recedere,
1007 455 1093 510 qui,
1136 460 1183 496 ut
1223 467 1372 496 omnes
1412 458 1620 510 magistri,
1659 458 1701 497 in
1743 458 1989 498 memoriam
2038 457 2256 498 reduxerit
2302 458 2513 498 interdum
2561 471 2672 513 quae

257 516 475 567 prioribus
508 517 666 555 scholis
698 521 952 555 enarrasset.
1004 527 1144 568 neque
1174 518 1286 555 enim
1319 517 1548 568 quicquam
1581 518 1765 568 legimus
1788 518 1854 556 his
1876 518 2046 569 quidem
2069 518 2173 557 locis
2193 518 2246 557 de
2271 513 2382 565 ,τοῖς
2401 519 2472 569 [sc
2488 517 2670 570 βιβλίοις]

255 573 499 628 πρότερον,
530 575 606 613 sed
641 576 745 613 baec
776 580 957 613 tantum:
994 572 1126 616 ,οὕτω
1164 573 1243 628 γὰρ
1280 574 1324 613 τὸ
1362 573 1515 614 θᾶττον
1543 574 1725 627 dieram·
1768 574 1931 624 248121,
1971 583 2012 616 et
2043 577 2153 616 idem
2192 577 2305 616 valet
2338 577 2394 617 de
2426 590 2466 628 p.
2490 575 2670 617 247b12

260 632 475 688 ,καθάπερ
512 630 664 689 εζοηται
695 630 936 688 πρότερον,
969 632 1085 686 quod
1117 632 1275 673 dictum
1308 645 1393 673 non
1426 633 1481 673 ad
1513 634 1774 675 redactcrem
1808 635 2017 688 pertinere
2039 635 2122 675 iam
2144 647 2199 676 ex
2220 647 2270 676 eo
2294 634 2535 685 concludas,
2556 635 2670 689 quod

259 690 500 746 ,.καθα’περ“
538 694 581 732 in
606 691 639 744 β
668 693 751 732 alia
782 704 878 732 cum
911 692 1122 732 sententia
1143 693 1369 733 coniuncta
1390 699 1466 742 est,
1488 699 1534 733 ut
1556 695 1718 746 pridem
1741 694 1841 738 dixi,
1871 717 1924 723 —
1949 695 2017 734 his
2037 694 2357 734 difficultatibus
2387 705 2470 734 non
2492 696 2670 747 permoti

255 752 406 799 solum,
438 752 514 791 sed
550 752 684 791 coacti
726 752 806 791 hoc
845 751 959 803 quod
1002 751 1123 790 facile
1165 752 1262 803 quis
1302 752 1446 790 iubeat
1485 754 1657 792 omnino
1700 754 1976 792 omittendum
2017 759 2083 792 est
2123 753 2264 792 nobis:
2306 758 2351 792 ut
2392 754 2518 792 etiam
2562 754 2671 793 ultra

254 810 597 862 progrediamur,
630 816 676 849 ut
708 811 846 861 magis
878 822 1006 862 quam
1039 810 1217 850 fecimus
1255 816 1527 862 penetremus
1565 812 1609 851 in
1646 811 1877 852 formarum
1917 812 2096 863 originis
2134 812 2340 852 rationem
2378 816 2419 852 et
2457 811 2672 864 explicare

254 880 459 909 conemur
490 880 637 909 omnes
669 869 987 921 discrepantias
1031 869 1112 909 1100
1142 868 1232 909 fieri
1266 870 1424 922 nequit.
1467 875 1568 909 sunt
1588 871 1700 910 enim
1722 875 1891 922 praeter
1912 870 1982 910 illa
2003 870 2084 910 tria
2104 882 2265 922 genera
2286 869 2670 923 discrepantiarum

254 928 366 980 (dico
407 928 593 980 primum
635 940 710 967 eos
750 928 877 975 locOS,
915 928 1073 980 quibus
1110 927 1166 966 ad
1206 928 1362 967 fontem
1400 941 1430 966 x
1471 929 1700 980 procedere
1740 941 1819 968 nos
1858 940 1985 981 posse
2025 929 2209 977 credam,
2251 935 2340 968 tum
2384 941 2470 978 eos,
2512 930 2670 981 quibus

253 993 473 1039 appareat,
507 987 722 1039 quomodo
753 986 848 1026 libri
879 984 912 1037 β
944 992 1086 1038 partes
1120 987 1275 1026 multae
1305 992 1423 1026 ortae
1454 987 1550 1036 sint,
1588 999 1685 1027 cum
1724 988 1942 1040 proposito
1978 994 2092 1028 emet
2122 1002 2162 1035 α,
2198 987 2352 1028 deinde
2387 999 2474 1037 eos,
2512 988 2669 1041 quibus

254 1046 379 1098 plane
410 1045 709 1098 interpolatum
742 1058 837 1084 esse
870 1051 1031 1084 textum
1057 1043 1091 1096 β
1121 1056 1175 1083 ex
1206 1059 1234 1084 α
1266 1047 1600 1096 cognoverimus
1632 1068 1687 1074 —
1720 1058 1830 1098 quae
1866 1047 2009 1086 omnia
2045 1058 2207 1097 genera
2242 1051 2390 1086 extare
2427 1047 2671 1087 etiamnunc

255 1104 474 1156 vidimus),
505 1110 618 1151 sunt,
651 1105 756 1151 dico,
789 1106 831 1143 in
856 1103 890 1155 β
920 1110 1121 1156 quartum
1160 1105 1357 1156 permulti
1395 1117 1568 1157 quoque
1605 1105 1684 1146 loci
1724 1117 1904 1157 prorsus
1945 1104 2120 1145 diversa
2160 1106 2313 1157 specie,
2358 1104 2432 1158 qui
2473 1104 2671 1146 differant

253 1163 309 1204 ab
340 1178 379 1212 α,
411 1163 463 1203 de
494 1163 653 1215 quibus
684 1163 826 1203 adhuc
858 1163 970 1204 tacui
1001 1162 1099 1204 fere.
1151 1174 1202 1204 ac
1232 1174 1317 1204 non
1351 1163 1528 1204 multum
1567 1163 1648 1205 dici
1687 1174 1814 1217 posse
1850 1163 1904 1205 de
1940 1164 2002 1205 eis
2039 1175 2203 1205 censeo.
2265 1163 2340 1205 sed
2380 1163 2535 1205 dixerit
2571 1165 2670 1218 quis

252 1222 305 1261 de
338 1222 404 1261 his
437 1232 609 1274 quoque
641 1222 944 1273 inquirendum
977 1221 1148 1274 quidem
1180 1233 1275 1261 esse
1305 1223 1547 1261 accuratius
1579 1228 1619 1262 et
1650 1234 1797 1262 omnes
1829 1235 1940 1275 quae
1970 1223 2173 1262 differunt
2203 1224 2259 1262 ab
2290 1237 2318 1262 α
2348 1234 2477 1262 voces
2508 1224 2669 1263 formae

245 1279 278 1333 β
308 1281 623 1332 comparandas
654 1291 749 1318 esse
781 1291 878 1319 cum
910 1281 984 1328 eis,
1016 1292 1127 1333 quae
1158 1280 1444 1332 respondeant
1475 1281 1518 1320 in
1548 1281 1682 1320 altero
1704 1282 1911 1334 exemplo,
1944 1282 2023 1320 hoc
2044 1282 2156 1320 enim
2178 1282 2304 1320 modo
2326 1292 2453 1333 posse
2474 1281 2670 1330 discerni,

252 1345 460 1391 quantum
502 1340 545 1378 in
589 1354 628 1386 a,
669 1345 880 1391 quantum
920 1340 964 1378 in
1003 1337 1037 1390 β
1074 1339 1312 1378 Aristotelis
1356 1340 1556 1392 loquendi
1598 1352 1705 1379 usus
1745 1347 2048 1380 conservatum
2090 1341 2155 1380 sit.
2227 1346 2272 1380 ut
2314 1340 2509 1392 exemplo
2554 1346 2669 1381 utar:

251 1398 461 1438 dixeritne
494 1398 622 1437 Arist.
645 1396 829 1451 εἰλήφθω
866 1404 940 1437 aut
976 1394 1080 1437 ἔστω
1120 1396 1165 1437 τὸ
1203 1395 1466 1453 εἰλημμένονὶ)
1511 1397 1689 1449 βαδίζειν
1730 1398 1787 1447 εἰς
1823 1396 1993 1453 ἄπειρον
2028 1405 2103 1439 aut
2144 1396 2357 1452 προιέναιὶ)
2407 1396 2558 1449 μεταξύ
2594 1406 2669 1440 aut

251 1453 517 1511 ἀναμεταξύῖ
564 1455 680 1497 hunc
709 1455 899 1497 laborem
931 1456 1041 1497 subii
1073 1461 1113 1497 et
1144 1456 1336 1497 confiteri
1367 1456 1488 1498 liceat
1520 1468 1614 1497 mea
1645 1457 1816 1511 quidem
1847 1458 2057 1497 sententia
2084 1457 2185 1497 nihil
2210 1457 2335 1511 plane
2355 1457 2464 1497 effici
2485 1458 2668 1510 gravius

251 1527 318 1563 eo,
352 1516 477 1567 longe
509 1515 704 1567 plurimis
736 1517 1037 1567 cognoscimus
1070 1526 1316 1567 synonyma
1338 1521 1501 1554 tantum
1524 1523 1718 1566 exstare,
1741 1528 1922 1568 quorum
1948 1523 2175 1568 utrumque
2199 1517 2475 1555 Aristotelicis
2496 1529 2668 1568 quoque

251 1576 354 1614 locis
386 1575 560 1625 probari
593 1575 726 1625 possit
758 1575 976 1625 exemplis.
1043 1574 1114 1621 (de
1152 1575 1416 1625 simplicibus
1457 1576 1679 1614 vocabulis
1717 1581 1834 1615 taceo
1876 1581 1922 1614 ut
1961 1572 2144 1626 λέγοντος
2178 1586 2256 1626 pro
2300 1572 2671 1629 προσαγορεύοντος

254 1631 499 1685 [245b16])‚
538 1632 613 1672 sed
644 1632 821 1673 afferam
855 1629 1026 1673 2441‘11
1066 1633 1110 1673 in
1142 1646 1187 1672 a:
1224 1631 1272 1688 „sy
1315 1631 1393 1687 γὰρ
1430 1629 1620 1689 αἴσθησις
1652 1632 1677 1689 ἢ
1708 1633 1790 1673 κατ’
1822 1630 2024 1688 ἐνέργειαν
2060 1631 2201 1689 κίνηάς
2237 1631 2319 1674 ἐστι
2361 1631 2431 1674 διὰ
2471 1632 2666 1688 σώματος,

251 1691 493 1747 πασχούσης
532 1706 565 1731 τι
605 1693 673 1746 τῆς
711 1690 959 1745 αἰσθήσεως·
1004 1690 1037 1743 β
1078 1692 1223 1731 habet:
1266 1692 1315 1746 ,ἢ
1355 1691 1434 1746 γὰρ
1471 1690 1658 1746 ἐνέργεια
1695 1691 1829 1732 αὐτῶν
1868 1705 1923 1732 so.
1952 1694 2029 1731 τῶν
2060 1690 2287 1746 αἰσθήσεων
2317 1691 2493 1748 κίνησις.
2508 1721 2543 1732 ..
2562 1695 2582 1715 “
2627 1698 2668 1733 et

253 1751 366 1790 247·
384 1751 433 1790 12
472 1747 521 1805 ,ἢ
555 1749 633 1805 γὰρ
664 1748 731 1789 οἷα
762 1746 917 1790 ἔπαθον
945 1748 1197 1805 μεμνημένοι
1227 1748 1408 1806 ἥδονται,
1442 1746 1469 1806 ἢ
1500 1748 1722 1799 ἐλπίζοντες
1750 1749 1814 1791 οἷα
1841 1748 2091 1803 μέλλουσιν“.
2134 1751 2176 1791 111
2207 1748 2241 1802 β
2269 1751 2471 1803 legimus:
2513 1747 2564 1807 ..ἢ
2589 1750 2667 1806 γὰρ

250 1809 315 1849 οἷα
346 1807 560 1862 ἐπάθομεν
587 1807 861 1864 μεμνημένοις
890 1810 933 1848 τὸ
965 1811 1038 1865 τῆς
1069 1807 1218 1865 ἡδονῆς
1247 1805 1273 1865 ἢ
1304 1808 1369 1848 οἶα
1401 1808 1623 1863 πεισόμεθα
1654 1808 1930 1857 ἐλπίζουσιν““.
1974 1810 2127 1850 deinde
2153 1822 2240 1850 non
2268 1811 2418 1862 paucis
2448 1810 2542 1850 aliis
2564 1809 2667 1851 locis

252 1870 392 1919 magis
424 1869 596 1907 inclinat
628 1869 810 1915 animus,
843 1875 888 1906 ut
920 1880 1154 1919 sequamur
1175 1882 1214 1916 α,
1237 1869 1352 1919 quod
1382 1869 1434 1907 sit
1458 1870 1616 1908 maiore
1638 1881 1692 1907 ex
1714 1875 1834 1919 parte
1855 1867 2028 1908 acrius².
2079 1866 2198 1920 (Prtl.
2226 1868 2348 1917 136,3
2371 1869 2414 1907 in
2435 1883 2462 1908 α
2482 1869 2666 1920 legimus

258 1925 307 1971 ,ὃ
341 1921 505 1967 κινεῖται
536 1924 628 1965 καθ’
661 1924 773 1971 αὑτό,
806 1925 906 1965 ἀλλὰ
933 1925 990 1981 μὴ·
1022 1925 1080 1980 τῷ
1112 1927 1192 1966 τῶν
1222 1924 1362 1966 τούτου
1394 1940 1427 1966 τι
1457 1926 1686 1966 κινεῖσθαι“.
1728 1927 1770 1966 in
1795 1924 1829 1979 β
1864 1923 1988 1970 ,καθ’
2011 1924 2124 1972 αὑτό,
2145 1925 2270 1966 ἁλλὰ“
2303 1937 2389 1966 11011
2410 1927 2667 1976 invenimus,

251 1991 296 2025 ut
328 1997 462 2025 unum
494 1997 549 2024 ex
582 1983 776 2037 plurimis
807 1984 1012 2034 afferam),
1044 1986 1238 2037 inprimis
1270 1986 1312 2024 in
1345 1986 1649 2037 particularum
1691 1997 1773 2024 usu
1806 1985 1859 2037 (a,
1887 1997 1922 2026 e.
1953 1986 2051 2024 Prtl.
2088 1986 2209 2033 136,9
2248 1986 2291 2023 in
2328 1998 2374 2023 u:
2414 1984 2510 2033 εἶτα,
2550 1987 2666 2037 quod

250 2044 331 2084 hoc
362 2044 453 2084 loeo
487 2056 621 2083 unum
651 2050 716 2083 est
747 2051 928 2091 rectum3
961 2043 1004 2083 in
1028 2041 1077 2095 β;
1109 2040 1185 2082 ἔτι.
1246 2043 1388 2083 tribus
1421 2056 1556 2083 verss.
1585 2050 1682 2096 post
1718 2045 1762 2083 in
1799 2057 1826 2083 a
1864 2050 1992 2084 recte:
2034 2042 2147 2088 ἀλλά,
2194 2043 2300 2083 falso
2341 2043 2384 2083 in
2418 2041 2470 2095 βε
2515 2042 2665 2097 τοίνυν).

248 2103 325 2142 sed
357 2109 500 2141 tamen
531 2104 796 2153 ignoramus,
829 2108 949 2141 utrae
980 2103 1213 2153 particulae
1246 2103 1483 2153 pertineant
1515 2102 1569 2141 ad
1601 2103 1724 2149 dicta,
1763 2115 1872 2154 quae
1903 2103 1998 2154 ipsa
2036 2103 2079 2141 in
2118 2102 2264 2142 schola
2302 2102 2515 2154 descripta
2551 2109 2665 2150 sunt,

248 2168 372 2201 utrae
404 2160 574 2201 additae
605 2160 690 2200 sint
720 2160 775 2200 ab
807 2160 880 2208 eis,
903 2160 976 2213 qui
1002 2160 1106 2200 bene
1128 2160 1345 2212 cognitum
1371 2161 1576 2201 haberent
1597 2160 1839 2213 philosophi
1861 2171 2100 2201 sermonem
2123 2160 2364 2201 redactores
2393 2161 2664 2213 peripatetici.

247 2232 348 2260 nam
381 2220 540 2273 quibus
577 2219 629 2259 de
670 2219 935 2273 temporibus
973 2219 1216 2273 loquimur?
1253 2231 1406 2273 nempe
1444 2219 1496 2260 de
1539 2220 1612 2269 eis,
1650 2219 1807 2273 quibus
1851 2220 2076 2273 scripsisse
2117 2219 2413 2273 peripateticos
2454 2220 2663 2272 quosdam

248 2280 436 2320 sciamus
468 2279 598 2319 libros
631 2290 716 2318 non
749 2290 923 2332 paucos,
956 2280 1029 2332 qui
1067 2279 1285 2331 praeclare
1316 2280 1532 2318 imitentur
1570 2281 1780 2318 sermonis
1817 2291 1957 2330 genus
1997 2280 2261 2327 Aristotelici,
2301 2284 2347 2317 ut
2384 2279 2552 2327 librum,
2590 2280 2664 2332 qui

247 2339 383 2377 fertur
416 2339 653 2377 Aristotelis
686 2338 776 2391 περὶ
809 2336 923 2392 ζῴων
954 2336 1154 2391 κινήσεως.
1188 2361 1241 2366 -
1275 2339 1427 2377 deinde
1461 2339 1614 2377 harum
1648 2339 1901 2377 varietatum
1940 2339 2074 2389 partis
2112 2337 2282 2389 quidem
2323 2337 2546 2377 cuiusdam
2585 2339 2665 2378 hoc

248 2397 375 2437 modo
406 2397 591 2437 enodare
623 2397 832 2449 originem
864 2396 981 2437 nulia
1003 2409 1049 2436 re
1071 2402 1280 2445 vetamur,
1304 2402 1349 2437 ut
1370 2396 1581 2437 dicamus:
1614 2402 1715 2437 sunt
1738 2396 1884 2436 variae
1906 2396 2118 2449 simplices
2139 2395 2350 2437 lectiones.
2383 2401 2428 2436 ut
2450 2408 2488 2448 p.
2512 2396 2662 2437 244⁸?

249 2456 408 2497 habent
440 2467 590 2497 omnes
620 2456 781 2497 formae
812 2471 839 2496 α
871 2456 992 2497 codd.
1016 2455 1214 2510 ὁρισμῶν,
1248 2456 1363 2509 quod
1396 2469 1528 2496 unum
1561 2462 1626 2496 est
1657 2461 1833 2504 rectum,
1855 2453 1983 2508 1·00.β
2011 2456 2181 2509 plurimi
2204 2455 2408 2508 praebent
2430 2453 2662 2512 εἰρημένων,

246 2517 372 2569 pauci
402 2513 655 2571 ὡρισμένων,
688 2516 878 2555 nonnulli
908 2515 1100 2570 ὁρισμῶν.
1162 2521 1340 2567 apparet
1377 2528 1431 2555 ex
1463 2515 1642 2570 ὁρισμῶν
1681 2516 1865 2567 primum
1904 2521 2043 2554 ortum
2085 2527 2180 2555 esse
2217 2512 2470 2569 ὡρισμένων,
2511 2515 2663 2555 deinde

247 2576 328 2615 hac
358 2587 413 2614 ex
446 2585 554 2614 voce
586 2581 832 2626 corruptum
864 2572 1098 2630 εἰρημένων.

462 2634 765 2684 Compluribus
797 2640 937 2672 autem
970 2634 1080 2672 locis
1112 2633 1194 2672 hoc
1224 2633 1349 2672 etiam
1381 2639 1528 2672 contra
1561 2633 1674 2672 valet
1703 2638 1743 2672 et
1765 2632 2044 2684 praeferenda
2064 2632 2185 2672 facile
2208 2632 2437 2672 videantur
2457 2632 2617 2672 formae
2631 2630 2665 2684 β

246 2693 369 2732 dicta.
433 2698 479 2731 ut
511 2705 550 2744 p.
574 2689 753 2731 246613
793 2693 834 2731 in
873 2707 899 2731 α
936 2692 1140 2743 legimus:
1183 2690 1290 2734 ,ἀλλ’
1333 2690 1358 2746 ἡ
1392 2690 1467 2745 μὲν
1503 2690 1630 2746 ἀρετὴ
1667 2689 1864 2739 τελείωσίς
1901 2704 1961 2739 τις
1995 2689 2112 2743 (ὅταν
2152 2689 2233 2744 γὰρ
2272 2688 2376 2745 λάβῃ
2413 2690 2481 2746 τὴν
2518 2690 2663 2731 ἑαυτοῦ

246 2750 411 2807 ἀρετήν,
446 2749 534 2790 τότε
564 2749 711 2802 λέγει-α
725 2763 736 2773 ·
770 2748 919 2790 τέλειον
950 2750 1042 2793 ἐστι,
1082 2748 1273 2790 ἕκυστον.
1290 2779 1300 2788 .
1317 2749 1346 2802 .)
1362 2779 1373 2789 .
1390 2758 1426 2789 .“
1469 2756 1509 2790 et
1546 2752 1590 2791 in
1624 2749 1674 2802 β;
1719 2781 1736 2794 ,,
1757 2779 1767 2789 .
1784 2779 1794 2789 .
1812 2778 1822 2789 .
1839 2748 2023 2802 (ἕκαστον
2066 2749 2144 2804 γὰρ
2181 2748 2271 2790 τότε
2307 2748 2481 2803 μάλιστα
2518 2748 2664 2791 τέλειόν

245 2809 342 2856 ἐστι,
376 2809 477 2849 ὅταν
508 2808 614 2866 τύχῃ
646 2811 715 2864 τῆς
742 2808 898 2857 οἰκείας
928 2809 1147 2865 ἀρετῆς..)
1164 2840 1173 2849 .
1188 2816 1222 2848 .“
1280 2809 1520 2861 Metaphys.
1543 2822 1582 2861 p.
1610 2809 1713 2849 1021
1733 2807 1817 2849 ¹³20
1841 2809 2038 2848 videmus
2058 2814 2099 2848 et
2119 2809 2214 2848 aliis
2235 2809 2339 2848 locis
2361 2809 2662 2861 philosophum

246 2871 327 2910 hac
370 2870 413 2909 in
456 2882 502 2908 re
542 2869 683 2920 potius
730 2868 920 2917 mineio&
968 2882 1097 2922 quam
1145 2867 1344 2913 ,ἑαυτοΐν
1392 2881 1638 2921 usurpasse.
1716 2881 1816 2908 nam
1858 2868 2040 2920 legimus
2083 2867 2161 2908 ibi:
2210 2865 2404 2912 „ganemu
2446 2866 2527 2922 γὰρ
2570 2865 2663 2909 τότε

244 2927 391 2970 τέλειον
406 2959 415 2968 .
430 2961 437 2969 .
455 2959 463 2968 .
481 2958 492 2974 ,
525 2927 620 2968 ὅταν
650 2927 750 2968 κατὰ
781 2927 826 2968 τὸ
858 2925 966 2977 εἶδος
999 2929 1069 2985 τῆς
1103 2926 1251 2977 οἰκείας
1288 2927 1438 2984 ἀρετῆς
1466 2926 1595 2985 μηδὲν
1636 2926 1789 2983 ἐλλείπῃ
1824 2925 1970 2983 μόριον
2007 2928 2079 2967 τοῦ
2119 2925 2223 2967 κατὰ
2266 2925 2385 2981 φύστν
2414 2924 2660 2981 μεγέθους.

460 2988 791 3026 Deliberandum
822 2994 886 3026 est
917 2989 1052 3036 nobis,
1075 2994 1283 3040 quantum
1305 3000 1359 3025 ex
1382 2990 1455 3034 eis,
1484 3000 1594 3040 quae
1617 2989 1697 3025 1100
1717 2989 1771 3025 de
1793 2999 1877 3025 uno
1899 2988 2008 3025 libro
2030 2988 2330 3032 conclusimus,
2354 2998 2432 3035 pro
2455 2986 2658 3024 universo

248 3058 427 3099 corpore
459 3058 638 3098 operum
672 3047 909 3085 Aristotelis
942 3048 1092 3085 valeat.
1156 3059 1252 3085 nam
1286 3047 1400 3097 quod
1433 3059 1512 3085 nos
1543 3046 1784 3085 iudicamus
1815 3045 1868 3083 de
1888 3043 2060 3095 Physic.
2080 3044 2128 3092 H,
2150 3044 2205 3083 ab
2226 3043 2320 3083 aliis
2342 3044 2661 3095 pronuntiatum

462 3128 469 3147 ¹
498 3127 577 3161 nisi
603 3126 701 3171 quid
726 3127 898 3162 tribuere
925 3127 1024 3161 velis
1051 3127 1108 3161 illi
1134 3129 1175 3161 τὸ
1200 3132 1264 3173 τῆς
1289 3129 1424 3180 ἡδονῆς,
1444 3128 1551 3171 quod
1568 3136 1647 3160 non
1667 3129 1725 3160 est
1745 3126 1976 3160 Aristotelis.
2017 3126 2115 3160 tales
2133 3135 2277 3169 parvos
2296 3125 2489 3159 sermonis
2508 3135 2660 3159 errores

244 3176 321 3210 iam
348 3175 521 3218 Spengel
547 3174 739 3214 tractavit,
765 3185 808 3208 ac
833 3185 883 3210 ne
908 3175 931 3209 1.
950 3188 973 3209 a
1000 3174 1162 3219 quidem
1194 3174 1252 3209 eis
1283 3184 1445 3208 ommno
1478 3177 1584 3209 caret
1617 3173 1665 3209 cf.
1689 3172 1840 3209 24323:
1875 3174 1937 3214 ,τὸ
1969 3172 2011 3207 οὗ
2046 3173 2197 3214 ἕνεκεν,
2228 3171 2334 3217 quod
2367 3172 2410 3206 in
2442 3172 2471 3215 β
2502 3181 2660 3217 quoque

243 3222 426 3265 legimus.
479 3221 714 3255 Aristoteles
739 3221 833 3254 dicit
858 3222 968 3255 ἕνεκα.
1020 3221 1069 3255 cf.
1098 3221 1278 3254 Eucken:
1308 3216 1436 3256 ..Uber
1461 3221 1537 3254 den
1564 3220 1908 3264 sprachgebrauch
1934 3221 2006 3254 dea
2032 3220 2277 3254 Aristoteles.
2328 3219 2660 3261 Beobachtungen

242 3270 344 3302 iiber
369 3269 432 3302 die
459 3267 799 3311 praepositionem·
832 3268 921 3301 1868
948 3279 983 3310 p.
1006 3267 1059 3302 18.

460 3317 473 3335 ²
499 3324 590 3348 cum
615 3313 852 3358 generaliter
876 3314 1037 3361 quidem
1065 3314 1193 3351 dicere
1220 3313 1421 3360 possimus
1447 3313 1595 3349 librum
1620 3326 1655 3357 α,
1682 3313 1789 3359 quod
1815 3312 1864 3348 ad
1890 3312 2046 3348 dicendi
2072 3321 2201 3357 genus
2224 3311 2405 3356 pertinet,
2429 3311 2659 3347 offensionis

244 3363 343 3396 nihil
371 3362 454 3395 fere
480 3362 669 3405 praebere
694 3364 949 3407 (quamquam
975 3364 1169 3396 nonnulla
1194 3363 1266 3396 hoc
1293 3363 1333 3395 in
1359 3366 1472 3395 textu
1500 3362 1628 3395 adhuc
1654 3372 1732 3395 non
1760 3362 1967 3395 emendata
1991 3364 2099 3401 aunt,
2125 3364 2168 3393 ut
2194 3360 2286 3393 Prtl.
2315 3359 2442 3401 136,13
2474 3361 2658 3405 κινήσεται,

244 3409 349 3453 quod
377 3408 632 3443 scribendum
665 3413 723 3443 est
748 3410 997 3455 κινηινήσεται),
1031 3409 1179 3444 dixerit
1210 3408 1319 3452 quie:
1353 3418 1434 3452 qua
1467 3418 1509 3442 re
1544 3411 1723 3442 vetamur
1754 3411 1892 3452 putare
1925 3417 2008 3442 rem
2044 3406 2099 3440 ita
2131 3417 2174 3440 se
2207 3405 2364 3448 habere,
2398 3410 2442 3440 ut
2477 3406 2604 3441 {orma
2633 3407 2662 3450 β

244 3460 397 3489 tantum
424 3459 511 3489 orta
535 3455 586 3489 sit
611 3465 662 3488 ex
688 3456 861 3490 tironum
886 3456 1109 3499 descriptis,
1133 3468 1157 3489 α
1183 3458 1315 3489 autem
1341 3456 1393 3488 sit
1418 3455 1623 3498 exemplar
1648 3456 1698 3489 ab
1723 3456 1811 3498 ipso
1834 3454 2046 3488 Aristotele
2071 3454 2275 3496 scriptum.
2301 3453 2372 3487 sed
2396 3457 2533 3496 poctea
2557 3454 2659 3488 male

244 3501 481 3537 tractatum?
506 3513 607 3546 quae
634 3503 830 3538 sententia
855 3506 957 3537 stare
983 3513 1063 3537 non
1098 3505 1227 3547 potest
1258 3501 1320 3536 his
1352 3502 1400 3536 de
1434 3502 1580 3537 causis:
1612 3502 1787 3546 primum
1820 3500 1989 3545 intelligi
2020 3510 2100 3535 non
2132 3503 2276 3545 posset.
2307 3499 2343 3535 si
2374 3503 2477 3535 recte
2509 3499 2659 3535 dictum

244 3554 348 3584 esset
364 3545 485 3588 illud.
513 3559 591 3594 quo
618 3548 733 3584 modo
759 3553 863 3584 esset
889 3549 1047 3591 factum,
1074 3554 1118 3583 ut
1143 3549 1293 3585 eisdem
1319 3549 1417 3594 ipsis
1443 3549 1716 3594 compluribus
1742 3548 1849 3589 locis,
1875 3548 2022 3593 quibus
2054 3547 2155 3582 falsa
2185 3548 2214 3590 β
2247 3547 2324 3590 dat,
2357 3557 2407 3582 ne
2438 3560 2461 3582 α
2496 3548 2658 3593 quidem

241 3601 440 3631 servasset
467 3607 569 3630 vera.
621 3597 689 3631 sed
718 3596 751 3630 si
778 3596 850 3630 hoc
876 3606 1034 3641 quoque
1059 3607 1193 3631 meum
1219 3606 1388 3640 recuses,
1417 3615 1459 3621 —-
1486 3597 1651 3630 minime
1677 3596 1749 3630 tibi
1773 3595 2014 3639 persuadeas
2031 3594 2119 3629 fieri
2135 3595 2324 3638 potuisse,
2343 3598 2398 3637 ut,
2416 3605 2658 3639 quamquam

242 3647 416 3678 exstaret
445 3643 669 3678 Aristotelis
695 3643 936 3687 exemplum,
963 3643 1112 3678 malum
1138 3644 1298 3689 aliquod
1324 3644 1566 3687 descriptum
1593 3643 1635 3677 in
1662 3653 1780 3677 usum
1807 3642 2059 3686 reciperetur.
